1737 3054
590 142 963 185 -335···

90 255 296 304 ratius,
331 257 391 296 ut
417 252 475 294 in
502 263 708 293 summa
747 252 1083 309 arrogantia
1111 256 1474 317 arrogantiae

80 333 306 383 prorsus
347 330 535 374 expers
570 314 746 358 videri
773 317 989 372 cupiat,
1038 318 1237 381 hocque
1265 325 1476 386 insigni

83 377 330 446 artificio
349 396 555 426 omnem
574 396 607 425 a
626 394 678 424 se
711 380 975 425 invidiam
1003 384 1320 432 amoliatur.
1361 393 1471 449 Quo

81 452 293 513 quidem
341 447 613 492 lenocinio
660 445 739 490 ita
782 450 831 489 te
869 445 1099 492 deliniri
1134 454 1368 509 sentias,
1417 462 1477 500 ut

77 516 394 569 Horatium,
440 515 521 556 ita
561 511 622 555 de
663 526 716 555 se
744 511 1080 571 loquentem,
1115 528 1223 559 non
1263 523 1476 566 tantum

76 581 375 639 suspicias,
423 577 516 622 sed
555 584 605 622 te
644 579 846 622 amoris
887 579 1050 624 etiam
1079 581 1308 638 quodam
1342 600 1477 645 erga

76 663 195 693 eum
231 642 457 709 adjectu
504 639 770 703 perfundi
810 644 1241 692 animadvertas.
1301 651 1476 710 Atque

76 714 218 756 hanc
272 711 613 768 potissimum
672 724 891 754 causam
934 711 1148 756 subesse
1200 714 1476 771 arbitror,

76 778 216 838 quod
241 778 400 821 hocce
429 789 649 820 carmen
680 775 738 817 in
766 776 1162 821 venustissimis
1177 780 1476 827 Horatiani

76 843 292 904 ingenii
333 842 691 885 monumentis
736 843 1005 886 unamime
1047 844 1281 889 omnium
1332 854 1479 893 aeta..

76 915 188 953 tum
216 908 469 952 habuerit
491 904 792 964 judicium.
841 908 1111 952 Nimirum
1145 909 1322 955 Musis
1353 913 1477 959 dum

76 990 131 1018 se
163 969 624 1030 acceptumferre
652 962 987 1036 profitetur,
1025 974 1163 1032 quod
1191 978 1478 1039 viingenii

75 1040 291 1097 poetica
311 1037 553 1095 polleat,
587 1037 887 1094 studiisque
907 1040 1136 1095 poeticis
1159 1041 1238 1085 ita
1268 1043 1480 1090 deditus

73 1106 167 1158 sit,
196 1109 257 1146 ut
282 1104 440 1146 unice
467 1101 623 1154 inde,
659 1103 748 1146 vel
770 1103 1228 1161 splendidissimis
1257 1108 1479 1156 laudum

79 1170 264 1214 titulis
302 1167 659 1226 posthabitis,
699 1169 920 1228 gloriae
960 1170 1065 1214 sibi
1112 1177 1478 1230 quaerendam

76 1236 352 1280 existimet
388 1234 706 1289 materiem5
753 1240 968 1279 tantum
1006 1238 1188 1291 abest,
1240 1246 1299 1283 ut
1335 1243 1476 1289 hanc

76 1302 181 1346 sibi
232 1301 344 1358 ipse
394 1299 635 1343 vindicet
676 1300 917 1358 gloriam
937 1331 950 1354 ‚
1011 1302 1478 1367 gloriabundique

76 1381 365 1424 personam
394 1364 616 1418 induat,
654 1370 715 1407 ut
738 1365 921 1422 potius
944 1367 1016 1410 ad
1036 1367 1232 1413 Musas
1260 1386 1374 1416 eam
1404 1381 1476 1418 to-

76 1440 190 1478 tam
232 1427 480 1490 referat‚
532 1430 733 1489 iisque,
770 1446 907 1489 quae
939 1432 1086 1476 illud
1115 1435 1171 1477 in
1199 1450 1251 1478 se
1279 1449 1475 1482 munus

73 1497 442 1549 contulerint,
475 1501 701 1555 gratum
726 1510 878 1538 suum
911 1501 1109 1542 testari
1123 1502 1329 1559 gestiat
1359 1507 1477 1548 ani·

70 1579 232 1609 mum.
291 1562 479 1606 Facile
513 1574 582 1602 ex
618 1561 703 1603 lzis
736 1561 1107 1622 intelligitur,
1144 1582 1300 1624 quam
1323 1566 1472 1628 feli·

74 1632 213 1675 citer
259 1627 317 1670 in
355 1624 649 1670 tractando
690 1626 790 1670 boc
823 1637 1152 1687 argumento
1175 1641 1337 1688 poeta
1360 1651 1475 1679 ver-

72 1701 228 1740 satus
250 1693 348 1745 sit,
385 1693 590 1751 sicque,
622 1706 780 1750 quam
808 1708 839 1736 a
863 1700 1069 1740 natura
1100 1698 1364 1744 tributam
1383 1702 1474 1747 lia-

73 1761 249 1813 beret,
298 1759 438 1802 satis
479 1756 786 1807 luculenter
820 1763 1255 1818 comprobaverit
1283 1781 1472 1812 venam

72 1825 290 1885 ingenii
314 1824 599 1881 poeticam.
648 1824 974 1883 Exquisitae
999 1843 1062 1873 ac
1093 1829 1284 1890 doctae
1309 1849 1475 1894 argu-

70 1891 243 1936 menti
269 1889 601 1934 tractationi
638 1889 797 1933 docta
833 1893 1043 1936 accedit
1071 1910 1136 1938 ac
1162 1897 1342 1942 nitida
1372 1901 1474 1943 elo-

72 1957 257 2018 quutio
276 1987 289 2009 ,
324 1969 777 2014 numerorumque
810 1958 1160 2004 admirabilis
1190 1965 1473 2019 suavilas;

77 2028 140 2065 ut
173 2021 390 2066 omnino
434 2022 533 2065 lzoc
583 2036 801 2065 carmen
839 2024 894 2066 in
932 2030 1473 2075 consummatissimis

76 2088 435 2146 antiquitatis
472 2087 724 2144 operibus
762 2088 960 2133 habere
985 2087 1095 2150 fas
1130 2095 1218 2137 sit.
1286 2097 1473 2153 Quam-

78 2169 237 2212 quam
267 2159 448 2197 autem
481 2169 686 2213 magna
713 2154 860 2197 inter
884 2157 981 2201 hoc
1009 2163 1061 2199 et
1084 2158 1146 2200 L.
1174 2161 1218 2203 I.
1249 2177 1291 2204 c.
1327 2178 1367 2206 1.
1398 2166 1473 2207 ife-

73 2217 317 2263 tercedat
349 2218 683 2273 similitud05
736 2220 895 2264 obvia
923 2228 1102 2266 tamen
1131 2227 1473 2273 animaduer-

71 2287 154 2328 sio
187 2290 284 2335 est,
312 2286 526 2343 utrique
555 2299 709 2328 suum
736 2301 846 2329 esse
874 2287 1118 2333 habitum
1137 2323 1149 2343 ,
1187 2308 1335 2338 suam
1364 2301 1474 2338 tra·-

71 2351 367 2395 ctationem
388 2367 402 2391 .·
450 2366 606 2409 quum
640 2351 696 2393 in
734 2353 912 2397 altero
941 2357 1176 2400 studium
1208 2374 1357 2403 suum
1384 2376 1471 2418 po-

74 2417 288 2463 etz'cum,
317 2416 373 2457 in
403 2416 500 2458 hoc
523 2418 756 2461 maxime
778 2426 996 2476 partam
1029 2423 1153 2468 inde
1182 2431 1462 2471 aeternam

73 2483 313 2527 nominis
327 2479 513 2542 jactet
538 2482 797 2543 gloriam⁰
