<?xml version="1.0" encoding="UTF-8"?>
<!DOCTYPE html PUBLIC "-//W3C//DTD XHTML 1.0 Transitional//EN"
    "http://www.w3.org/TR/xhtml1/DTD/xhtml1-transitional.dtd">
<html xmlns="http://www.w3.org/1999/xhtml" xml:lang="en" lang="en">
 <head>
  <title>
</title>
<meta http-equiv="Content-Type" content="text/html;charset=utf-8" />
  <meta name='ocr-system' content='tesseract 3.04.00' />
  <meta name='ocr-capabilities' content='ocr_page ocr_carea ocr_par ocr_line ocrx_word'/>
</head>
<body>
  <div class='ocr_page' id='page_1' title='image "./quintihoratiifla02horauoft/quintihoratiifla02horauoft_0439.png"; bbox 0 0 1689 3086; ppageno 0'>
   <div class='ocr_carea' id='block_1_1' title="bbox 628 161 1002 205">
    <p class='ocr_par' dir='ltr' id='par_1_1' title="bbox 628 161 1002 205">
     <span class='ocr_line' id='line_1_1' title="bbox 628 161 1002 205; baseline 0.003 -1"><span class='ocrx_word' id='word_1_1' title='bbox 628 175 688 184; x_wconf 91' lang='lat'><em>—</em></span> <span class='ocrx_word' id='word_1_2' title='bbox 777 161 853 205; x_wconf 73' lang='lat'><em>43·</em></span> <span class='ocrx_word' id='word_1_3' title='bbox 953 174 1002 184; x_wconf 92' lang='lat'><em>·-</em></span> 
     </span>
    </p>
   </div>
   <div class='ocr_carea' id='block_1_2' title="bbox 50 270 1567 2694">
    <p class='ocr_par' dir='ltr' id='par_1_2' title="bbox 50 270 1567 2694">
     <span class='ocr_line' id='line_1_2' title="bbox 104 270 1518 344; baseline 0.001 -29"><span class='ocrx_word' id='word_1_4' title='bbox 104 289 170 316; x_wconf 71' lang='lat' dir='ltr'><em>ne</em></span> <span class='ocrx_word' id='word_1_5' title='bbox 197 274 483 323; x_wconf 78' lang='lat' dir='ltr'><em>Horatius,</em></span> <span class='ocrx_word' id='word_1_6' title='bbox 521 272 656 315; x_wconf 85' lang='lat' dir='ltr'><em>belli</em></span> <span class='ocrx_word' id='word_1_7' title='bbox 682 270 890 344; x_wconf 79' lang='lat' dir='ltr'><em>quidem</em></span> <span class='ocrx_word' id='word_1_8' title='bbox 915 271 1170 314; x_wconf 74' lang='lat' dir='ltr'><em>laudibus</em></span> <span class='ocrx_word' id='word_1_9' title='bbox 1195 272 1518 328; x_wconf 66' lang='lat' dir='ltr'><em>splends&#39;clis-</em></span> 
     </span>
     <span class='ocr_line' id='line_1_3' title="bbox 107 335 1514 409; baseline 0 -27"><span class='ocrx_word' id='word_1_10' title='bbox 107 341 238 382; x_wconf 83' lang='lat' dir='ltr'><em>sime</em></span> <span class='ocrx_word' id='word_1_11' title='bbox 266 340 346 382; x_wconf 88' lang='lat' dir='ltr'><em>ita</em></span> <span class='ocrx_word' id='word_1_12' title='bbox 378 336 649 382; x_wconf 75' lang='lat' dir='ltr'><em>absolutis</em></span> <span class='ocrx_word' id='word_1_13' title='bbox 669 368 681 390; x_wconf 82' lang='lat'><strong><em>‚</em></strong></span> <span class='ocrx_word' id='word_1_14' title='bbox 723 342 781 378; x_wconf 86' lang='lat' dir='ltr'><em>ut</em></span> <span class='ocrx_word' id='word_1_15' title='bbox 812 336 881 378; x_wconf 92' lang='lat' dir='ltr'><em>iis</em></span> <span class='ocrx_word' id='word_1_16' title='bbox 911 335 1075 409; x_wconf 68' lang='lat' dir='ltr'><em>dig-ne</em></span> <span class='ocrx_word' id='word_1_17' title='bbox 1104 338 1365 381; x_wconf 78' lang='lat' dir='ltr'><em>canendzs</em></span> <span class='ocrx_word' id='word_1_18' title='bbox 1402 354 1514 382; x_wconf 85' lang='lat' dir='ltr'><em>sese</em></span> 
     </span>
     <span class='ocr_line' id='line_1_4' title="bbox 104 399 1517 462; baseline -0.006 -14"><span class='ocrx_word' id='word_1_19' title='bbox 104 405 272 462; x_wconf 89' lang='lat' dir='ltr'><em>plane</em></span> <span class='ocrx_word' id='word_1_20' title='bbox 299 417 558 461; x_wconf 72' lang='lat' dir='ltr'><em>imparem</em></span> <span class='ocrx_word' id='word_1_21' title='bbox 586 399 962 460; x_wconf 75' lang='lat' dir='ltr'><em>profiteatur,</em></span> <span class='ocrx_word' id='word_1_22' title='bbox 1010 401 1065 443; x_wconf 86' lang='lat' dir='ltr'><em>in</em></span> <span class='ocrx_word' id='word_1_23' title='bbox 1094 404 1344 461; x_wconf 72' lang='lat' dir='ltr'><em>Augusto</em></span> <span class='ocrx_word' id='word_1_24' title='bbox 1371 418 1517 459; x_wconf 71' lang='grc' dir='ltr'><em>ραι-ι-</em></span> 
     </span>
     <span class='ocr_line' id='line_1_5' title="bbox 92 461 1515 530; baseline -0.001 -17"><span class='ocrx_word' id='word_1_25' title='bbox 92 462 342 530; x_wconf 71' lang='lat' dir='ltr'><em>secatore</em></span> <span class='ocrx_word' id='word_1_26' title='bbox 389 468 635 513; x_wconf 85' lang='lat' dir='ltr'><em>ornando</em></span> <span class='ocrx_word' id='word_1_27' title='bbox 678 469 896 516; x_wconf 77' lang='lat' dir='ltr'><em>haeret,</em></span> <span class='ocrx_word' id='word_1_28' title='bbox 957 461 1181 530; x_wconf 69' lang='lat' dir='ltr'><em>ejusque</em></span> <span class='ocrx_word' id='word_1_29' title='bbox 1220 468 1420 510; x_wconf 86' lang='lat' dir='ltr'><em>merita</em></span> <span class='ocrx_word' id='word_1_30' title='bbox 1457 471 1515 511; x_wconf 82' lang='lat' dir='ltr'><em>in</em></span> 
     </span>
     <span class='ocr_line' id='line_1_6' title="bbox 105 524 1515 592; baseline -0.001 -15"><span class='ocrx_word' id='word_1_31' title='bbox 105 535 497 592; x_wconf 72' lang='lat' dir='ltr'><em>rempublicam</em></span> <span class='ocrx_word' id='word_1_32' title='bbox 559 535 739 591; x_wconf 83' lang='lat' dir='ltr'><em>ample</em></span> <span class='ocrx_word' id='word_1_33' title='bbox 798 524 1204 592; x_wconf 74' lang='lat' dir='ltr'><em>magnificeque</em></span> <span class='ocrx_word' id='word_1_34' title='bbox 1269 534 1515 578; x_wconf 74' lang='lat' dir='ltr'><em>extollet.</em></span> 
     </span>
     <span class='ocr_line' id='line_1_7' title="bbox 105 598 1518 659; baseline -0.001 -17"><span class='ocrx_word' id='word_1_35' title='bbox 105 602 344 659; x_wconf 73' lang='lat' dir='ltr'><em>Quorum</em></span> <span class='ocrx_word' id='word_1_36' title='bbox 385 599 597 658; x_wconf 83' lang='lat' dir='ltr'><em>quidem</em></span> <span class='ocrx_word' id='word_1_37' title='bbox 639 615 738 659; x_wconf 85' lang='lat' dir='ltr'><em>quo</em></span> <span class='ocrx_word' id='word_1_38' title='bbox 782 598 1066 642; x_wconf 72' lang='lat' dir='ltr'><em>illusttior</em></span> <span class='ocrx_word' id='word_1_39' title='bbox 1108 603 1244 640; x_wconf 87' lang='lat' dir='ltr'><em>esset</em></span> <span class='ocrx_word' id='word_1_40' title='bbox 1282 600 1518 654; x_wconf 76' lang='lat' dir='ltr'><em>species,</em></span> 
     </span>
     <span class='ocr_line' id='line_1_8' title="bbox 101 665 1518 736; baseline -0.001 -26"><span class='ocrx_word' id='word_1_41' title='bbox 101 669 411 726; x_wconf 72' lang='lat' dir='ltr'><em>Augustum</em></span> <span class='ocrx_word' id='word_1_42' title='bbox 456 671 616 723; x_wconf 83' lang='lat' dir='ltr'><em>poeta</em></span> <span class='ocrx_word' id='word_1_43' title='bbox 666 670 1048 722; x_wconf 84' lang='lat' dir='ltr'><em>repraesentat</em></span> <span class='ocrx_word' id='word_1_44' title='bbox 1096 669 1373 736; x_wconf 75' lang='lat' dir='ltr'><em>tamquam</em></span> <span class='ocrx_word' id='word_1_45' title='bbox 1411 665 1518 708; x_wconf 84' lang='lat' dir='ltr'><em>Nu-</em></span> 
     </span>
     <span class='ocr_line' id='line_1_9' title="bbox 102 722 1517 788; baseline -0.001 -13"><span class='ocrx_word' id='word_1_46' title='bbox 102 745 222 775; x_wconf 84' lang='lat' dir='ltr'><em>men</em></span> <span class='ocrx_word' id='word_1_47' title='bbox 259 731 626 775; x_wconf 83' lang='lat' dir='ltr'><em>Romanorum</em></span> <span class='ocrx_word' id='word_1_48' title='bbox 658 729 928 780; x_wconf 79' lang='lat' dir='ltr'><em>tutelare,</em></span> <span class='ocrx_word' id='word_1_49' title='bbox 979 744 1143 787; x_wconf 70' lang='lat' dir='ltr'><em>cujus</em></span> <span class='ocrx_word' id='word_1_50' title='bbox 1176 722 1417 788; x_wconf 72' lang='grc' dir='ltr'><em>ἕπιφοὲνειω</em></span> <span class='ocrx_word' id='word_1_51' title='bbox 1446 747 1517 774; x_wconf 76' lang='lat' dir='ltr'><em>cz-</em></span> 
     </span>
     <span class='ocr_line' id='line_1_10' title="bbox 105 794 1516 855; baseline 0.001 -15"><span class='ocrx_word' id='word_1_52' title='bbox 105 797 361 849; x_wconf 79' lang='lat' dir='ltr'><em>vitatem,</em></span> <span class='ocrx_word' id='word_1_53' title='bbox 403 797 640 839; x_wconf 87' lang='lat' dir='ltr'><em>internis</em></span> <span class='ocrx_word' id='word_1_54' title='bbox 682 796 1032 852; x_wconf 76' lang='lat' dir='ltr'><em>externisque</em></span> <span class='ocrx_word' id='word_1_55' title='bbox 1060 794 1224 839; x_wconf 85' lang='lat' dir='ltr'><em>malis</em></span> <span class='ocrx_word' id='word_1_56' title='bbox 1256 796 1516 855; x_wconf 67' lang='lat' dir='ltr'><em>graviter</em></span> 
     </span>
     <span class='ocr_line' id='line_1_11' title="bbox 105 860 1567 920; baseline 0 -15"><span class='ocrx_word' id='word_1_57' title='bbox 105 860 400 920; x_wconf 80' lang='lat' dir='ltr'><em>adflictam</em></span> <span class='ocrx_word' id='word_1_58' title='bbox 439 867 884 919; x_wconf 70' lang='lat' dir='ltr'><em>prostratumque</em></span> <span class='ocrx_word' id='word_1_59' title='bbox 929 862 1298 911; x_wconf 72' lang='lat' dir='ltr'><em>recreaverit,</em></span> <span class='ocrx_word' id='word_1_60' title='bbox 1347 867 1396 903; x_wconf 90' lang='lat' dir='ltr'><em>et</em></span> <span class='ocrx_word' id='word_1_61' title='bbox 1446 863 1519 905; x_wconf 89' lang='lat' dir='ltr'><em>ad</em></span> <span class='ocrx_word' id='word_1_62' title='bbox 1556 883 1567 890; x_wconf 86' lang='lat'><strong>·</strong></span> 
     </span>
     <span class='ocr_line' id='line_1_12' title="bbox 103 921 1520 987; baseline -0.001 -16"><span class='ocrx_word' id='word_1_63' title='bbox 103 942 364 972; x_wconf 83' lang='lat' dir='ltr'><em>summam</em></span> <span class='ocrx_word' id='word_1_64' title='bbox 403 928 842 987; x_wconf 74' lang='lat' dir='ltr'><em>magnitudinem</em></span> <span class='ocrx_word' id='word_1_65' title='bbox 881 941 946 970; x_wconf 88' lang='lat' dir='ltr'><em>ac</em></span> <span class='ocrx_word' id='word_1_66' title='bbox 962 921 1309 984; x_wconf 81' lang='lat' dir='ltr'><em>felicitatem</em></span> <span class='ocrx_word' id='word_1_67' title='bbox 1332 942 1520 983; x_wconf 77' lang='lat' dir='ltr'><em>prove-</em></span> 
     </span>
     <span class='ocr_line' id='line_1_13' title="bbox 104 991 1521 1052; baseline -0.001 -16"><span class='ocrx_word' id='word_1_68' title='bbox 104 993 276 1036; x_wconf 80' lang='lat' dir='ltr'><em>xerit.</em></span> <span class='ocrx_word' id='word_1_69' title='bbox 312 993 451 1035; x_wconf 88' lang='lat' dir='ltr'><em>Frui</em></span> <span class='ocrx_word' id='word_1_70' title='bbox 475 992 756 1052; x_wconf 89' lang='lat' dir='ltr'><em>enimjam</em></span> <span class='ocrx_word' id='word_1_71' title='bbox 784 1006 880 1047; x_wconf 90' lang='lat' dir='ltr'><em>per</em></span> <span class='ocrx_word' id='word_1_72' title='bbox 899 1005 1014 1033; x_wconf 87' lang='lat' dir='ltr'><em>eum</em></span> <span class='ocrx_word' id='word_1_73' title='bbox 1038 991 1300 1047; x_wconf 88' lang='lat' dir='ltr'><em>populum</em></span> <span class='ocrx_word' id='word_1_74' title='bbox 1328 993 1521 1036; x_wconf 78' lang='lat' dir='ltr'><em>Roma-</em></span> 
     </span>
     <span class='ocr_line' id='line_1_14' title="bbox 104 1057 1517 1113; baseline 0.002 -13"><span class='ocrx_word' id='word_1_75' title='bbox 104 1074 231 1101; x_wconf 87' lang='lat' dir='ltr'><em>num</em></span> <span class='ocrx_word' id='word_1_76' title='bbox 263 1072 472 1101; x_wconf 87' lang='lat' dir='ltr'><em>summa</em></span> <span class='ocrx_word' id='word_1_77' title='bbox 499 1057 828 1109; x_wconf 80' lang='lat' dir='ltr'><em>securitate,</em></span> <span class='ocrx_word' id='word_1_78' title='bbox 873 1061 1037 1113; x_wconf 76' lang='lat' dir='ltr'><em>atque</em></span> <span class='ocrx_word' id='word_1_79' title='bbox 1066 1058 1301 1100; x_wconf 89' lang='lat' dir='ltr'><em>omnium</em></span> <span class='ocrx_word' id='word_1_80' title='bbox 1335 1073 1517 1103; x_wconf 74' lang='lat' dir='ltr'><em>rerum</em></span> 
     </span>
     <span class='ocr_line' id='line_1_15' title="bbox 105 1120 1521 1179; baseline 0.001 -13"><span class='ocrx_word' id='word_1_81' title='bbox 105 1123 450 1167; x_wconf 86' lang='lat' dir='ltr'><em>abundantia</em></span> <span class='ocrx_word' id='word_1_82' title='bbox 471 1153 482 1173; x_wconf 89' lang='lat'>‚</span> <span class='ocrx_word' id='word_1_83' title='bbox 519 1123 798 1167; x_wconf 82' lang='lat' dir='ltr'><em>conversis</em></span> <span class='ocrx_word' id='word_1_84' title='bbox 823 1121 1023 1164; x_wconf 79' lang='lat' dir='ltr'><em>civium</em></span> <span class='ocrx_word' id='word_1_85' title='bbox 1051 1120 1122 1165; x_wconf 86' lang='lat' dir='ltr'><em>ad</em></span> <span class='ocrx_word' id='word_1_86' title='bbox 1145 1122 1404 1166; x_wconf 84' lang='lat' dir='ltr'><em>colendas</em></span> <span class='ocrx_word' id='word_1_87' title='bbox 1427 1139 1521 1179; x_wconf 77' lang='lat' dir='ltr'><em>pa-</em></span> 
     </span>
     <span class='ocr_line' id='line_1_16' title="bbox 105 1188 1520 1248; baseline 0.001 -16"><span class='ocrx_word' id='word_1_88' title='bbox 105 1190 185 1232; x_wconf 89' lang='lat' dir='ltr'><em>cis</em></span> <span class='ocrx_word' id='word_1_89' title='bbox 202 1194 368 1238; x_wconf 88' lang='lat' dir='ltr'><em>artes,</em></span> <span class='ocrx_word' id='word_1_90' title='bbox 404 1189 643 1232; x_wconf 75' lang='lat' dir='ltr'><em>maxime</em></span> <span class='ocrx_word' id='word_1_91' title='bbox 671 1202 934 1248; x_wconf 75' lang='lat' dir='ltr'><em>agrorum</em></span> <span class='ocrx_word' id='word_1_92' title='bbox 962 1188 1185 1239; x_wconf 82' lang='lat' dir='ltr'><em>cultum,</em></span> <span class='ocrx_word' id='word_1_93' title='bbox 1221 1203 1371 1247; x_wconf 80' lang='lat' dir='ltr'><em>quem</em></span> <span class='ocrx_word' id='word_1_94' title='bbox 1409 1193 1520 1247; x_wconf 75' lang='lat' dir='ltr'><em>qui-</em></span> 
     </span>
     <span class='ocr_line' id='line_1_17' title="bbox 104 1252 1521 1316; baseline -0.003 -19"><span class='ocrx_word' id='word_1_95' title='bbox 104 1255 217 1297; x_wconf 81' lang='lat' dir='ltr'><em>dem</em></span> <span class='ocrx_word' id='word_1_96' title='bbox 241 1260 412 1298; x_wconf 89' lang='lat' dir='ltr'><em>metus</em></span> <span class='ocrx_word' id='word_1_97' title='bbox 444 1253 666 1297; x_wconf 78' lang='lat' dir='ltr'><em>hostilis</em></span> <span class='ocrx_word' id='word_1_98' title='bbox 690 1270 754 1297; x_wconf 87' lang='lat' dir='ltr'><em>ac</em></span> <span class='ocrx_word' id='word_1_99' title='bbox 785 1253 867 1296; x_wconf 90' lang='lat' dir='ltr'><em>rei</em></span> <span class='ocrx_word' id='word_1_100' title='bbox 895 1252 1127 1297; x_wconf 85' lang='lat' dir='ltr'><em>bellicae</em></span> <span class='ocrx_word' id='word_1_101' title='bbox 1159 1269 1293 1298; x_wconf 87' lang='lat' dir='ltr'><em>cura</em></span> <span class='ocrx_word' id='word_1_102' title='bbox 1323 1252 1521 1316; x_wconf 74' lang='lat' dir='ltr'><em>suffla-</em></span> 
     </span>
     <span class='ocr_line' id='line_1_18' title="bbox 103 1317 1518 1374; baseline 0.002 -11"><span class='ocrx_word' id='word_1_103' title='bbox 103 1321 395 1371; x_wconf 83' lang='lat' dir='ltr'><em>minasset,</em></span> <span class='ocrx_word' id='word_1_104' title='bbox 425 1320 655 1374; x_wconf 70' lang='lat' dir='ltr'><em>stadiis-,-</em></span> <span class='ocrx_word' id='word_1_105' title='bbox 681 1317 1019 1363; x_wconf 85' lang='lat' dir='ltr'><em>deballatum</em></span> <span class='ocrx_word' id='word_1_106' title='bbox 1047 1319 1115 1362; x_wconf 90' lang='lat' dir='ltr'><em>ab</em></span> <span class='ocrx_word' id='word_1_107' title='bbox 1148 1334 1205 1362; x_wconf 90' lang='lat' dir='ltr'><em>eo</em></span> <span class='ocrx_word' id='word_1_108' title='bbox 1230 1320 1518 1371; x_wconf 79' lang='lat' dir='ltr'><em>Parthum,</em></span> 
     </span>
     <span class='ocr_line' id='line_1_19' title="bbox 105 1385 1517 1444; baseline 0.001 -15"><span class='ocrx_word' id='word_1_109' title='bbox 105 1391 469 1444; x_wconf 77' lang='lat' dir='ltr'><em>pacatumque</em></span> <span class='ocrx_word' id='word_1_110' title='bbox 517 1385 733 1428; x_wconf 78' lang='lat' dir='ltr'><em>omnino</em></span> <span class='ocrx_word' id='word_1_111' title='bbox 773 1388 942 1427; x_wconf 90' lang='lat' dir='ltr'><em>totum</em></span> <span class='ocrx_word' id='word_1_112' title='bbox 981 1389 1258 1429; x_wconf 85' lang='lat' dir='ltr'><em>terrarum</em></span> <span class='ocrx_word' id='word_1_113' title='bbox 1300 1387 1517 1444; x_wconf 69' lang='lat' dir='ltr'><em>orbem,-</em></span> 
     </span>
     <span class='ocr_line' id='line_1_20' title="bbox 107 1450 1520 1508; baseline 0.001 -14"><span class='ocrx_word' id='word_1_114' title='bbox 107 1457 421 1495; x_wconf 73' lang='lat' dir='ltr'><em>revocatam</em></span> <span class='ocrx_word' id='word_1_115' title='bbox 470 1465 636 1506; x_wconf 84' lang='lat' dir='ltr'><em>porro</em></span> <span class='ocrx_word' id='word_1_116' title='bbox 689 1450 1071 1494; x_wconf 73' lang='lat' dir='ltr'><em>saluberrimis</em></span> <span class='ocrx_word' id='word_1_117' title='bbox 1124 1451 1260 1494; x_wconf 84' lang='lat' dir='ltr'><em>latis</em></span> <span class='ocrx_word' id='word_1_118' title='bbox 1301 1452 1520 1508; x_wconf 60' lang='lat' dir='ltr'><em>legibus</em></span> 
     </span>
     <span class='ocr_line' id='line_1_21' title="bbox 103 1509 1521 1575; baseline 0.002 -16"><span class='ocrx_word' id='word_1_119' title='bbox 103 1517 398 1574; x_wconf 82' lang='lat' dir='ltr'><em>pristinam</em></span> <span class='ocrx_word' id='word_1_120' title='bbox 449 1532 657 1559; x_wconf 87' lang='lat' dir='ltr'><em>morum</em></span> <span class='ocrx_word' id='word_1_121' title='bbox 710 1517 1091 1575; x_wconf 74' lang='lat' dir='ltr'><em>integritatem</em></span> <span class='ocrx_word' id='word_1_122' title='bbox 1146 1532 1209 1561; x_wconf 81' lang='lat' dir='ltr'><em>ac</em></span> <span class='ocrx_word' id='word_1_123' title='bbox 1252 1509 1521 1562; x_wconf 74' lang='lat' dir='ltr'><em>sanctita-</em></span> 
     </span>
     <span class='ocr_line' id='line_1_22' title="bbox 108 1581 1517 1641; baseline 0.003 -17"><span class='ocrx_word' id='word_1_124' title='bbox 108 1588 228 1626; x_wconf 85' lang='lat' dir='ltr'><em>tem.</em></span> <span class='ocrx_word' id='word_1_125' title='bbox 287 1582 408 1625; x_wconf 85' lang='lat' dir='ltr'><em>Non</em></span> <span class='ocrx_word' id='word_1_126' title='bbox 446 1582 624 1624; x_wconf 90' lang='lat' dir='ltr'><em>minus</em></span> <span class='ocrx_word' id='word_1_127' title='bbox 661 1582 842 1640; x_wconf 72' lang='lat' dir='ltr'><em>igitur</em></span> <span class='ocrx_word' id='word_1_128' title='bbox 875 1581 1157 1639; x_wconf 78' lang='lat' dir='ltr'><em>splendide</em></span> <span class='ocrx_word' id='word_1_129' title='bbox 1200 1597 1360 1641; x_wconf 84' lang='lat' dir='ltr'><em>quam</em></span> <span class='ocrx_word' id='word_1_130' title='bbox 1395 1600 1517 1628; x_wconf 76' lang='lat' dir='ltr'><em>vere</em></span> 
     </span>
     <span class='ocr_line' id='line_1_23' title="bbox 107 1647 1519 1705; baseline -0.001 -12"><span class='ocrx_word' id='word_1_131' title='bbox 107 1647 300 1693; x_wconf 89' lang='lat' dir='ltr'><em>Vellei.</em></span> <span class='ocrx_word' id='word_1_132' title='bbox 337 1648 413 1690; x_wconf 89' lang='lat' dir='ltr'><em>II.</em></span> <span class='ocrx_word' id='word_1_133' title='bbox 441 1647 520 1704; x_wconf 85' lang='lat'><em>89.</em></span> <span class='ocrx_word' id='word_1_134' title='bbox 572 1647 732 1690; x_wconf 74' lang='lat' dir='ltr'><em>Nihil</em></span> <span class='ocrx_word' id='word_1_135' title='bbox 774 1647 855 1690; x_wconf 87' lang='lat' dir='ltr'><em>dii</em></span> <span class='ocrx_word' id='word_1_136' title='bbox 890 1647 1199 1691; x_wconf 78' lang='lat' dir='ltr'><em>hominibus</em></span> <span class='ocrx_word' id='word_1_137' title='bbox 1228 1657 1519 1705; x_wconf 84' lang='lat' dir='ltr'><em>praestare</em></span> 
     </span>
     <span class='ocr_line' id='line_1_24' title="bbox 102 1713 1515 1772; baseline 0.001 -16"><span class='ocrx_word' id='word_1_138' title='bbox 102 1718 357 1770; x_wconf 86' lang='lat' dir='ltr'><em>possunt,</em></span> <span class='ocrx_word' id='word_1_139' title='bbox 407 1713 547 1771; x_wconf 79' lang='lat' dir='ltr'><em>quod</em></span> <span class='ocrx_word' id='word_1_140' title='bbox 579 1728 688 1758; x_wconf 85' lang='lat' dir='ltr'><em>non</em></span> <span class='ocrx_word' id='word_1_141' title='bbox 715 1714 999 1772; x_wconf 72' lang='lat' dir='ltr'><em>Augustus</em></span> <span class='ocrx_word' id='word_1_142' title='bbox 1028 1714 1230 1771; x_wconf 85' lang='lat' dir='ltr'><em>populo</em></span> <span class='ocrx_word' id='word_1_143' title='bbox 1269 1715 1515 1759; x_wconf 75' lang='lat' dir='ltr'><em>Romano</em></span> 
     </span>
     <span class='ocr_line' id='line_1_25' title="bbox 104 1778 1521 1837; baseline -0.001 -15"><span class='ocrx_word' id='word_1_144' title='bbox 104 1779 622 1835; x_wconf 73' lang='lat' dir='ltr'><em>repraesentaverit.</em></span> <span class='ocrx_word' id='word_1_145' title='bbox 662 1779 855 1823; x_wconf 87' lang='lat' dir='ltr'><em>Finita</em></span> <span class='ocrx_word' id='word_1_146' title='bbox 887 1778 1033 1823; x_wconf 89' lang='lat' dir='ltr'><em>bella</em></span> <span class='ocrx_word' id='word_1_147' title='bbox 1076 1780 1295 1829; x_wconf 79' lang='lat' dir='ltr'><em>civilia,</em></span> <span class='ocrx_word' id='word_1_148' title='bbox 1345 1782 1521 1837; x_wconf 74' lang='lat' dir='ltr'><em>sepul-</em></span> 
     </span>
     <span class='ocr_line' id='line_1_26' title="bbox 105 1845 1521 1902; baseline 0.001 -14"><span class='ocrx_word' id='word_1_149' title='bbox 105 1849 161 1889; x_wconf 85' lang='lat' dir='ltr'><em>ta</em></span> <span class='ocrx_word' id='word_1_150' title='bbox 194 1849 456 1895; x_wconf 77' lang='lat' dir='ltr'><em>externa,</em></span> <span class='ocrx_word' id='word_1_151' title='bbox 505 1851 764 1888; x_wconf 83' lang='lat' dir='ltr'><em>revocata</em></span> <span class='ocrx_word' id='word_1_152' title='bbox 788 1859 938 1902; x_wconf 75' lang='lat' dir='ltr'><em>pax3</em></span> <span class='ocrx_word' id='word_1_153' title='bbox 993 1845 1254 1889; x_wconf 86' lang='lat' dir='ltr'><em>restituta</em></span> <span class='ocrx_word' id='word_1_154' title='bbox 1284 1847 1365 1889; x_wconf 76' lang='lat' dir='ltr'><em>vis</em></span> <span class='ocrx_word' id='word_1_155' title='bbox 1395 1848 1521 1902; x_wconf 66' lang='lat' dir='ltr'><em>legi-</em></span> 
     </span>
     <span class='ocr_line' id='line_1_27' title="bbox 105 1909 1520 1970; baseline 0.001 -17"><span class='ocrx_word' id='word_1_156' title='bbox 105 1911 202 1954; x_wconf 85' lang='lat' dir='ltr'><em>bus</em></span> <span class='ocrx_word' id='word_1_157' title='bbox 219 1927 238 1966; x_wconf 84' lang='grc'><em>,-</em></span> <span class='ocrx_word' id='word_1_158' title='bbox 274 1909 439 1954; x_wconf 84' lang='lat' dir='ltr'><em>rediit</em></span> <span class='ocrx_word' id='word_1_159' title='bbox 462 1911 642 1953; x_wconf 87' lang='lat' dir='ltr'><em>cultus</em></span> <span class='ocrx_word' id='word_1_160' title='bbox 665 1911 824 1970; x_wconf 71' lang='lat' dir='ltr'><em>agris</em></span> <span class='ocrx_word' id='word_1_161' title='bbox 840 1940 854 1960; x_wconf 90' lang='lat'><em>‚</em></span> <span class='ocrx_word' id='word_1_162' title='bbox 902 1912 1080 1954; x_wconf 88' lang='lat' dir='ltr'><em>sacris</em></span> <span class='ocrx_word' id='word_1_163' title='bbox 1104 1911 1290 1964; x_wconf 64' lang='lat' dir='ltr'><em>honos,</em></span> <span class='ocrx_word' id='word_1_164' title='bbox 1321 1915 1520 1956; x_wconf 81' lang='lat' dir='ltr'><em>securi-</em></span> 
     </span>
     <span class='ocr_line' id='line_1_28' title="bbox 107 1976 1519 2035; baseline 0.002 -16"><span class='ocrx_word' id='word_1_165' title='bbox 107 1981 194 2021; x_wconf 87' lang='lat' dir='ltr'><em>tas</em></span> <span class='ocrx_word' id='word_1_166' title='bbox 219 1976 559 2032; x_wconf 71' lang='lat' dir='ltr'><em>hominibu55</em></span> <span class='ocrx_word' id='word_1_167' title='bbox 601 1976 747 2035; x_wconf 73' lang='lat' dir='ltr'><em>leges</em></span> <span class='ocrx_word' id='word_1_168' title='bbox 776 1976 1095 2024; x_wconf 86' lang='lat' dir='ltr'><em>emendatae</em></span> <span class='ocrx_word' id='word_1_169' title='bbox 1139 1978 1390 2029; x_wconf 75' lang='lat' dir='ltr'><em>utiliter,</em></span> <span class='ocrx_word' id='word_1_170' title='bbox 1439 1980 1519 2022; x_wconf 86' lang='lat' dir='ltr'><em>Za-</em></span> 
     </span>
     <span class='ocr_line' id='line_1_29' title="bbox 107 2039 1523 2100; baseline 0.001 -15"><span class='ocrx_word' id='word_1_171' title='bbox 107 2048 195 2086; x_wconf 88' lang='lat' dir='ltr'><em>tae</em></span> <span class='ocrx_word' id='word_1_172' title='bbox 226 2041 536 2086; x_wconf 85' lang='lat' dir='ltr'><em>salubriter</em></span> <span class='ocrx_word' id='word_1_173' title='bbox 560 2039 658 2085; x_wconf 86' lang='lat' dir='ltr'><em>cet.</em></span> <span class='ocrx_word' id='word_1_174' title='bbox 702 2041 853 2085; x_wconf 83' lang='lat' dir='ltr'><em>Unde</em></span> <span class='ocrx_word' id='word_1_175' title='bbox 874 2057 1031 2099; x_wconf 81' lang='lat' dir='ltr'><em>quam</em></span> <span class='ocrx_word' id='word_1_176' title='bbox 1056 2057 1219 2084; x_wconf 82' lang='lat' dir='ltr'><em>carus</em></span> <span class='ocrx_word' id='word_1_177' title='bbox 1246 2050 1523 2100; x_wconf 83' lang='lat' dir='ltr'><em>acceptus-</em></span> 
     </span>
     <span class='ocr_line' id='line_1_30' title="bbox 109 2108 1521 2167; baseline 0.003 -17"><span class='ocrx_word' id='word_1_178' title='bbox 109 2120 205 2166; x_wconf 77' lang='lat' dir='ltr'><em>que</em></span> <span class='ocrx_word' id='word_1_179' title='bbox 241 2108 440 2164; x_wconf 90' lang='lat' dir='ltr'><em>populo</em></span> <span class='ocrx_word' id='word_1_180' title='bbox 465 2123 558 2151; x_wconf 88' lang='lat' dir='ltr'><em>suo</em></span> <span class='ocrx_word' id='word_1_181' title='bbox 586 2112 870 2167; x_wconf 70' lang='lat' dir='ltr'><em>Augustus</em></span> <span class='ocrx_word' id='word_1_182' title='bbox 895 2108 997 2160; x_wconf 79' lang='lat' dir='ltr'><em>sit,</em></span> <span class='ocrx_word' id='word_1_183' title='bbox 1044 2108 1341 2164; x_wconf 84' lang='lat' dir='ltr'><em>praeclara</em></span> <span class='ocrx_word' id='word_1_184' title='bbox 1367 2125 1521 2167; x_wconf 87' lang='lat' dir='ltr'><em>pror-</em></span> 
     </span>
     <span class='ocr_line' id='line_1_31' title="bbox 109 2173 1522 2235; baseline 0.004 -21"><span class='ocrx_word' id='word_1_185' title='bbox 109 2188 229 2222; x_wconf 75' lang='lat' dir='ltr'><em>sus,</em></span> <span class='ocrx_word' id='word_1_186' title='bbox 267 2188 476 2231; x_wconf 80' lang='lat' dir='ltr'><em>quaque</em></span> <span class='ocrx_word' id='word_1_187' title='bbox 505 2174 756 2216; x_wconf 83' lang='lat' dir='ltr'><em>intimum</em></span> <span class='ocrx_word' id='word_1_188' title='bbox 787 2174 993 2216; x_wconf 87' lang='lat' dir='ltr'><em>amoris</em></span> <span class='ocrx_word' id='word_1_189' title='bbox 1018 2189 1084 2216; x_wconf 82' lang='lat' dir='ltr'><em>ac</em></span> <span class='ocrx_word' id='word_1_190' title='bbox 1109 2174 1337 2230; x_wconf 86' lang='lat' dir='ltr'><em>pietalis</em></span> <span class='ocrx_word' id='word_1_191' title='bbox 1365 2173 1522 2235; x_wconf 83' lang='lat' dir='ltr'><em>adfe-</em></span> 
     </span>
     <span class='ocr_line' id='line_1_32' title="bbox 109 2239 1520 2298; baseline 0.004 -16"><span class='ocrx_word' id='word_1_192' title='bbox 109 2244 251 2282; x_wconf 89' lang='lat' dir='ltr'><em>ctum</em></span> <span class='ocrx_word' id='word_1_193' title='bbox 282 2239 490 2296; x_wconf 80' lang='lat' dir='ltr'><em>prodit,</em></span> <span class='ocrx_word' id='word_1_194' title='bbox 527 2239 768 2298; x_wconf 76' lang='lat' dir='ltr'><em>imagine</em></span> <span class='ocrx_word' id='word_1_195' title='bbox 799 2239 1109 2282; x_wconf 84' lang='lat' dir='ltr'><em>ostenditur</em></span> <span class='ocrx_word' id='word_1_196' title='bbox 1134 2240 1259 2284; x_wconf 79' lang='lat' dir='ltr'><em>inde</em></span> <span class='ocrx_word' id='word_1_197' title='bbox 1287 2257 1335 2283; x_wconf 88' lang='lat' dir='ltr'><em>a.</em></span> <span class='ocrx_word' id='word_1_198' title='bbox 1370 2257 1417 2286; x_wconf 70' lang='grc' dir='ltr'><em>υ.</em></span> <span class='ocrx_word' id='word_1_199' title='bbox 1443 2242 1520 2287; x_wconf 83' lang='lat'><em>25.</em></span> 
     </span>
     <span class='ocr_line' id='line_1_33' title="bbox 107 2303 1521 2365; baseline 0.01 -27"><span class='ocrx_word' id='word_1_200' title='bbox 107 2328 171 2338; x_wconf 84' lang='lat'><em>.-</em></span> <span class='ocrx_word' id='word_1_201' title='bbox 202 2303 423 2365; x_wconf 67' lang='lat' dir='ltr'><em>Regnat</em></span> <span class='ocrx_word' id='word_1_202' title='bbox 452 2306 670 2347; x_wconf 86' lang='lat' dir='ltr'><em>omnino</em></span> <span class='ocrx_word' id='word_1_203' title='bbox 698 2319 795 2361; x_wconf 84' lang='lat' dir='ltr'><em>per</em></span> <span class='ocrx_word' id='word_1_204' title='bbox 825 2309 996 2357; x_wconf 66' lang='lat' dir='ltr'><em>totum</em></span> <span class='ocrx_word' id='word_1_205' title='bbox 1023 2321 1242 2349; x_wconf 83' lang='lat' dir='ltr'><em>carmen</em></span> <span class='ocrx_word' id='word_1_206' title='bbox 1273 2307 1521 2352; x_wconf 80' lang='lat' dir='ltr'><em>sedatior</em></span> 
     </span>
     <span class='ocr_line' id='line_1_34' title="bbox 106 2371 1518 2432; baseline 0.002 -18"><span class='ocrx_word' id='word_1_207' title='bbox 106 2371 356 2428; x_wconf 76' lang='lat' dir='ltr'><em>spiritus.</em></span> <span class='ocrx_word' id='word_1_208' title='bbox 409 2372 705 2428; x_wconf 86' lang='lat' dir='ltr'><em>composita</em></span> <span class='ocrx_word' id='word_1_209' title='bbox 752 2371 1012 2430; x_wconf 68' lang='lat' dir='ltr'><em>gravitas</em></span> <span class='ocrx_word' id='word_1_210' title='bbox 1035 2401 1048 2424; x_wconf 82' lang='grc'>,</span> <span class='ocrx_word' id='word_1_211' title='bbox 1110 2372 1518 2432; x_wconf 77' lang='lat' dir='ltr'><em>aequabilisque</em></span> 
     </span>
     <span class='ocr_line' id='line_1_35' title="bbox 50 2435 1519 2497; baseline 0.003 -19"><span class='ocrx_word' id='word_1_212' title='bbox 50 2485 57 2491; x_wconf 27' lang='lat'>⁶</span> <span class='ocrx_word' id='word_1_213' title='bbox 109 2435 507 2479; x_wconf 73' lang='lat' dir='ltr'><em>sententiarum</em></span> <span class='ocrx_word' id='word_1_214' title='bbox 533 2438 883 2497; x_wconf 74' lang='lat' dir='ltr'><em>progressi05</em></span> <span class='ocrx_word' id='word_1_215' title='bbox 920 2436 1131 2481; x_wconf 85' lang='lat' dir='ltr'><em>accedit</em></span> <span class='ocrx_word' id='word_1_216' title='bbox 1169 2440 1351 2482; x_wconf 87' lang='lat' dir='ltr'><em>oratio</em></span> <span class='ocrx_word' id='word_1_217' title='bbox 1384 2456 1519 2482; x_wconf 82' lang='lat' dir='ltr'><em>com-</em></span> 
     </span>
     <span class='ocr_line' id='line_1_36' title="bbox 110 2500 1519 2564; baseline 0.002 -20"><span class='ocrx_word' id='word_1_218' title='bbox 110 2507 168 2545; x_wconf 86' lang='lat' dir='ltr'><em>ta</em></span> <span class='ocrx_word' id='word_1_219' title='bbox 201 2517 266 2545; x_wconf 86' lang='lat' dir='ltr'><em>ac</em></span> <span class='ocrx_word' id='word_1_220' title='bbox 296 2501 492 2545; x_wconf 85' lang='lat' dir='ltr'><em>decora</em></span> <span class='ocrx_word' id='word_1_221' title='bbox 517 2504 727 2562; x_wconf 70' lang='lat' dir='ltr'><em>magis,</em></span> <span class='ocrx_word' id='word_1_222' title='bbox 767 2517 925 2561; x_wconf 85' lang='lat' dir='ltr'><em>quam</em></span> <span class='ocrx_word' id='word_1_223' title='bbox 953 2503 1120 2545; x_wconf 83' lang='lat' dir='ltr'><em>nimz&#39;o</em></span> <span class='ocrx_word' id='word_1_224' title='bbox 1136 2500 1382 2564; x_wconf 74' lang='lat' dir='ltr'><em>fulgore</em></span> <span class='ocrx_word' id='word_1_225' title='bbox 1407 2519 1519 2547; x_wconf 81' lang='lat' dir='ltr'><em>sen-</em></span> 
     </span>
     <span class='ocr_line' id='line_1_37' title="bbox 111 2566 1521 2627; baseline 0.003 -18"><span class='ocrx_word' id='word_1_226' title='bbox 111 2580 261 2610; x_wconf 88' lang='lat' dir='ltr'><em>suum</em></span> <span class='ocrx_word' id='word_1_227' title='bbox 294 2567 398 2610; x_wconf 79' lang='lat' dir='ltr'><em>vim</em></span> <span class='ocrx_word' id='word_1_228' title='bbox 427 2566 725 2623; x_wconf 77' lang='lat' dir='ltr'><em>hebetans5</em></span> <span class='ocrx_word' id='word_1_229' title='bbox 761 2581 898 2626; x_wconf 83' lang='lat' dir='ltr'><em>quae</em></span> <span class='ocrx_word' id='word_1_230' title='bbox 926 2567 1135 2626; x_wconf 81' lang='lat' dir='ltr'><em>quidem</em></span> <span class='ocrx_word' id='word_1_231' title='bbox 1156 2576 1417 2627; x_wconf 81' lang='lat' dir='ltr'><em>quantam</em></span> <span class='ocrx_word' id='word_1_232' title='bbox 1445 2570 1521 2614; x_wconf 77' lang='lat' dir='ltr'><em>ad</em></span> 
     </span>
     <span class='ocr_line' id='line_1_38' title="bbox 109 2633 1518 2694; baseline 0.001 -16"><span class='ocrx_word' id='word_1_233' title='bbox 109 2633 373 2678; x_wconf 83' lang='lat' dir='ltr'><em>carminis</em></span> <span class='ocrx_word' id='word_1_234' title='bbox 398 2638 780 2694; x_wconf 73' lang='lat' dir='ltr'><em>argumentum</em></span> <span class='ocrx_word' id='word_1_235' title='bbox 804 2633 905 2677; x_wconf 65' lang='lat' dir='ltr'><em>cim</em></span> <span class='ocrx_word' id='word_1_236' title='bbox 934 2633 1191 2689; x_wconf 74' lang='lat' dir='ltr'><em>habeant,</em></span> <span class='ocrx_word' id='word_1_237' title='bbox 1221 2635 1274 2678; x_wconf 84' lang='lat' dir='ltr'><em>in</em></span> <span class='ocrx_word' id='word_1_238' title='bbox 1299 2641 1518 2692; x_wconf 75' lang='lat' dir='ltr'><em>promtu</em></span> 
     </span>
    </p>
   </div>
  </div>
 </body>
</html>
