1737 3054
668 196 1042 236 „133-

152 297 367 349 parentibus
388 302 536 348 pejores
549 298 642 348 ipsis
668 298 827 334 evadere
842 324 852 341 ,
879 310 1000 348 neque
1014 296 1227 342 hocpravae
1249 298 1470 334 institutioni
1492 298 1559 333 de·

155 358 261 402 beri,
287 375 396 412 quum
419 359 476 396 vel
509 362 649 411 optime
670 361 838 395 instituta
861 359 1034 394 educatio
1072 357 1110 392 οὐ
1130 355 1166 392 τι)
1191 356 1293 392 κακόν
1327 377 1374 384 --
1409 359 1556 406 χρηστὸν

152 435 194 456 ,ιν
216 424 291 461 Sem
320 432 432 461 ποτε,
460 423 585 471 Eurip.
605 424 643 457 in
669 421 857 458 Phoenice
888 420 936 456 fr.
960 419 1047 459 VH.

247 496 280 519 v.
309 493 351 526 25
379 502 424 510 —
449 485 506 521 32.
531 485 657 527 Mox,
687 485 766 520 viro
793 492 926 535 nupta,
951 482 1122 519 adultera
1142 480 1200 518 fit.
1231 481 1328 516 Mire
1351 479 1428 515 hoc
1453 492 1557 526 exag-

150 553 313 592 geratum
340 558 363 581 a
385 556 496 595 poeta
522 546 568 582 ad
590 545 795 594 augendam
813 545 1052 596 turpitudinis
1079 543 1281 579 infamiam.
1318 541 1398 576 Non
1426 552 1558 589 exspe-

150 613 248 650 ΝΜ»
283 607 368 643 dum
393 608 466 644 sibi
492 609 588 646 male
612 607 829 659 repugnanti
861 606 1040 656 pudicitia
1068 610 1351 651 extorqueatur,
1378 600 1446 637 sed
1472 600 1555 635 libi-

147 668 245 704 dinis
268 671 503 708 exstimulata
525 672 748 723 intemperie
768 671 945 717 quaerit,
977 669 1076 704 ultro
1101 667 1206 708 adit,
1232 663 1467 714 compellat,
1494 661 1558 698 ad·

144 745 218 782 que
245 740 410 782 stuprum
448 737 620 781 instigat,
646 732 866 777 adulteros,
900 733 1020 772 viros,
1052 728 1182 781 quihus
1208 727 1428 779 pudicitiam
1449 738 1553 761 suam

144 793 355 830 substernat
375 823 386 838 ,
405 795 584 840 juniores
607 798 736 831 marito
763 807 826 831 suo
842 821 851 837 ,
876 793 1064 843 (adposite
1088 792 1159 827 hoc
1180 790 1230 825 ad
1250 788 1450 824 notandam
1473 791 1553 834 ejus

145 853 363 898 libidinem)
389 857 495 891 inter
521 857 656 892 mariti
679 856 781 898 vina,
808 854 854 889 ad
871 867 1023 890 coenam
1050 868 1070 889 a
1096 854 1228 887 marito
1255 852 1352 886 hunc
1375 849 1423 886 ad
1441 849 1550 885 finem

145 924 393 961 convocatos,
419 920 579 970 vinoque
601 919 648 954 ad
671 917 867 952 libidinem
895 917 1068 951 irritatos.
1094 916 1292 951 Praesente
1315 913 1441 961 igitur,
1466 925 1555 947 con-

145 982 323 1022 scioque,
348 987 457 1028 atque
480 981 721 1013 lenocinante
747 979 842 1013 adeo
866 979 1000 1012 marito
1025 977 1137 1013 foedo
1157 989 1199 1012 ac
1225 974 1454 1025 propudioso
1481 973 1551 1007 hoc

142 1050 227 1074 sese
241 1037 378 1073 mulier
401 1038 521 1073 induit
535 1038 675 1085 flagitio
697 1039 705 1071 Ξ
732 1038 866 1074 Talem
889 1040 1063 1074 maritum
1084 1038 1255 1084 designat
1280 1037 1412 1071 Juven.
1434 1032 1466 1068 I.
1489 1046 1549 1079 55.

144 1098 281 1135 doctus
301 1104 474 1145 spectare
498 1100 671 1141 lacunar,
698 1098 836 1134 doctus
858 1104 897 1132 et
922 1101 976 1133 ad
992 1097 1152 1133 calicem
1185 1096 1368 1143 vigilanti
1394 1100 1552 1131 stertere

137 1171 246 1194 naso.
271 1179 320 1188 —
349 1173 468 1208 neque
488 1160 682 1197 fastidiosa
709 1169 764 1197 est
786 1162 824 1196 in
850 1161 1032 1210 eligendis
1054 1159 1309 1202 amatoribus,
1335 1169 1395 1195 aut
1420 1161 1549 1195 furtim

137 1221 328 1259 adulteros
357 1222 544 1267 admittit,
578 1222 646 1257 sed
666 1232 739 1262 cet.
765 1222 979 1260 Artificiose
1015 1225 1108 1259 haec
1132 1222 1206 1259 duo
1231 1221 1401 1258 membra
1419 1230 1549 1257 conte-

134 1284 214 1317 xuit
236 1288 360 1332 poeta.
375 1301 422 1313 ·-·
438 1282 590 1330 gaudia
615 1283 740 1332 paullo
761 1283 953 1319 honestius
979 1285 1017 1318 in
1037 1296 1076 1320 re
1098 1286 1196 1334 turpi
1219 1283 1453 1327 vocabulum,
1473 1298 1547 1335 quo

136 1348 276 1395 passim
300 1351 434 1395 poetae
458 1351 620 1381 utuntur.
644 1359 675 1385 v,
701 1358 734 1380 c.
763 1344 876 1380 ovid.
900 1346 947 1379 A.
973 1344 1019 1380 A.
1042 1345 1091 1379 Π.
1115 1349 1200 1391 459.
1222 1346 1308 1383 vid.
1339 1347 1469 1382 Barth·
1494 1345 1542 1381 ad

136 1405 333 1442 Claudian.
360 1420 398 1456 p.
429 1407 530 1448 1331.
557 1424 605 1432 --
629 1405 877 1451 impermissa
902 1405 1123 1452 illegitima,
1159 1406 1365 1452 flagitiosa,
1389 1408 1544 1443 illicitos

138 1467 367 1503 concubitus.
395 1486 440 1494 —
465 1468 634 1513 raptim,
662 1473 701 1502 ut
720 1469 896 1515 temporis
919 1474 1131 1508 momenta,
1159 1467 1268 1501 furtis
1293 1471 1371 1516 ejus
1399 1481 1543 1504 accom-
1576 1514 1582 1519 ,

135 1529 245 1564 moda
262 1555 272 1571 ,
300 1531 442 1579 rapiat,
470 1530 515 1564 iis
539 1528 735 1564 celerrime
762 1533 908 1568 utatur,
932 1532 969 1562 et
988 1526 1202 1562 luminibus
1226 1526 1409 1571 remotis,
1437 1533 1543 1564 tene-

134 1590 214 1627 bris
237 1591 500 1641 turpitudinem
524 1590 642 1634 celet,
667 1598 778 1641 atque
795 1589 889 1625 adeo
909 1590 1075 1641 aliquam
1101 1590 1254 1640 pudoris
1280 1594 1461 1627 rationem
1483 1589 1544 1625 ha-

134 1653 235 1692 beat.
262 1673 308 1679 —
332 1663 390 1696 29.
410 1652 489 1687 Sed
509 1653 732 1702 pudicitiam
760 1657 797 1688 in
819 1652 1016 1703 propatulo
1039 1652 1172 1695 habet,
1201 1653 1259 1698 (ut
1286 1651 1438 1689 Sallust.
1454 1652 1540 1690 Cat.

135 1727 193 1759 13.
218 1716 264 1752 de
291 1719 426 1751 aetatis
451 1728 535 1751 suae
561 1715 734 1760 feminis)
757 1716 901 1768 hosque
927 1715 1029 1751 solos
1050 1723 1229 1758 sectatur,
1253 1713 1353 1751 unde
1374 1717 1541 1750 maxima

99 1794 102 1796 v
132 1776 226 1812 lucri
251 1791 338 1828 spes
369 1777 556 1826 adfulget,
596 1790 641 1815 ex
676 1777 844 1814 adultera
868 1781 904 1813 in
926 1778 1196 1829 quaestuariam
1220 1790 1338 1814 versa.
1364 1773 1542 1823 Ἐναργῶς

131 1839 242 1887 igitur
269 1846 323 1874 est
334 1839 470 1886 jussa,
495 1852 561 1874 seu
581 1844 718 1883 vocat,
741 1849 892 1878 evocata
910 1867 920 1885 ,
943 1843 1134 1890 expetita,
1162 1841 1342 1877 arcessita
1365 1838 1412 1874 ab
1445 1837 1536 1871 inst.

131 1918 178 1928 —
201 1912 332 1934 coram
370 1903 537 1937 convivis
561 1910 669 1953 atque
695 1903 779 1951 ipso
804 1903 948 1937 marito.
998 1901 1128 1938 Juven.
1153 1902 1221 1937 Vl.
1261 1910 1339 1943 140.
1362 1898 1538 1935 Libertas

133 1964 296 2005 emitur,
323 1977 448 2000 coram
473 1963 562 2000 licet
585 1966 737 2006 innuat,
762 1970 878 2010 atque
896 1964 1108 2000 rescribam
1132 1963 1249 1999 vidua
1271 1969 1342 2005 est,
1368 1963 1536 2007 locuples

131 2036 228 2068 quae
249 2024 382 2070 nupsit
405 2037 535 2062 avaro.
566 2024 677 2062 Conf.
705 2024 798 2060 ibid.
821 2039 853 2061 μ.
879 2027 963 2071 400.
994 2043 1040 2053 -
1063 2024 1221 2059 institor
1250 2025 1455 2070 dicebatur,
1471 2026 1535 2077 qui

134 2082 354 2121 demandata
376 2098 396 2121 a
418 2087 569 2122 domino
597 2088 862 2131 negotiationis
889 2100 976 2122 cura
1004 2099 1145 2123 merces
1174 2089 1386 2136 singulatim
1415 2088 1471 2124 vel
1500 2090 1537 2122 in

132 2144 285 2182 taberna
310 2148 486 2184 venderet
501 2148 558 2184 vel
582 2150 740 2184 ostiatim
767 2148 1049 2194 circumferret3
1075 2153 1176 2198 cujus
1198 2152 1343 2196 generis
1365 2150 1534 2185 homines

131 2205 286 2243 serviles
309 2213 370 2243 aut
390 2209 563 2245 sordidos
585 2209 719 2246 saltem
745 2211 885 2247 natales
907 2209 1076 2247 habuisse
1101 2218 1256 2247 constat.
1274 2216 1396 2264 Atque
1416 2213 1439 2246 ii
1456 2214 1535 2263 qui-

132 2268 242 2310 dem,
267 2274 328 2320 qui
354 2271 614 2308 munditiarum
642 2272 881 2308 muliebrium
901 2282 1122 2321 nugamenta
1157 2275 1301 2309 venalia
1322 2273 1503 2311 haberent
1522 2303 1534 2318 ,

130 2332 285 2366 comtius
315 2334 438 2368 vestiti
473 2347 517 2370 ac
552 2332 720 2369 molliori
755 2335 920 2383 corporis
951 2336 1065 2370 cultui
1097 2335 1295 2385 (Propert.
1326 2335 1391 2372 IV.
1413 2347 1444 2372 2.
1474 2336 1533 2373 38·

135 2393 303 2427 mundus
331 2394 509 2430 demissis
531 2395 692 2430 institor
717 2396 757 2430 in
782 2396 939 2433 tunicis.
988 2398 1099 2434 Adde
1123 2398 1234 2435 Ovid.
1258 2399 1359 2436 A-A.
1385 2399 1416 2433 I·
1432 2399 1532 2443 421.)

129 2453 247 2490 dediti
280 2454 327 2491 ad
348 2455 570 2493 nobiliorum
594 2457 820 2494 feminarum
848 2459 1049 2495 amicitiam
1076 2460 1271 2510 adrepere,
1297 2475 1429 2514 easque
1456 2475 1535 2495 mu·

128 2514 280 2552 neribus
304 2520 447 2562 tedare
473 2518 656 2554 solebant.
677 2537 722 2547 —
740 2520 797 2556 31.
823 2517 942 2553 Navis
966 2523 1203 2569 magistrum
1225 2524 1302 2561 fere
1321 2522 1533 2570 intelligunt

128 2592 236 2622 eum,
260 2581 318 2615 cui
343 2582 452 2617 totius
475 2582 578 2617 navis
600 2594 688 2617 cura
710 2579 881 2617 mandata
903 2586 971 2624 est,
997 2579 1181 2632 ναύαρχον,
1209 2587 1278 2623 sed
1297 2588 1440 2633 gravior
1460 2598 1528 2633 op·

123 2641 262 2688 positio
280 2649 364 2686 est,
391 2643 423 2677 si
446 2641 491 2679 de
518 2651 675 2690 patrono
698 2654 731 2681 s.
751 2641 911 2696 domino
931 2646 1035 2683 navis
1053 2672 1066 2691 ,
1090 2649 1278 2698 ναυκλήρῳ
1302 2663 1336 2688 s.
1351 2647 1540 2685 navicula·
