1737 3054
151 269 1534 312 mmmmmmwzoxwoemwswswsmw·

439 753 1249 820 PRAEFATIO.

622 939 1092 964 mmmmmw

160 1073 346 1180 Quas
380 1120 430 1166 in
458 1118 689 1168 Horatio
719 1127 867 1166 recte
901 1112 1301 1182 interpretando
1319 1114 1551 1160 rationes

158 1197 418 1246 ineundas
443 1196 809 1262 judicaverim,
841 1210 1081 1258 quasque
1103 1191 1218 1258 ipse
1243 1206 1410 1255 opera
1433 1204 1554 1236 mea

163 1275 391 1341 adsequi
418 1284 637 1323 conatus
664 1277 776 1329 sim,
810 1272 1093 1339 diligenter
1123 1288 1154 1318 a
1188 1287 1274 1319 me
1304 1273 1355 1317 in
1397 1283 1554 1333 prae-

157 1357 377 1412 fatione,
414 1356 581 1420 priori
611 1354 788 1401 Tomo
813 1351 1084 1416 praefixa,
1113 1353 1418 1415 expositum
1460 1355 1555 1396 est.

160 1435 340 1499 Atque
376 1431 623 1480 eamdem
655 1434 710 1478 in
739 1430 1093 1478 dilucidandis
1126 1430 1370 1492 reliquis,
1419 1442 1557 1491 quae

161 1515 298 1561 alter
331 1511 415 1559 hic
447 1511 653 1573 Tomus
691 1511 1091 1576 complectitur,
1128 1510 1337 1558 Horatii
1373 1508 1560 1557 carmi—

159 1591 313 1641 nibus
349 1593 531 1655 lyricis
567 1593 712 1638 viam
740 1599 885 1640 tanto
924 1593 1093 1639 minus
1131 1593 1374 1639 insistere
1413 1587 1559 1636 dubi-

163 1673 290 1731 tavi,
328 1685 431 1734 quo
465 1672 633 1736 magis
671 1673 721 1717 in
751 1671 863 1719 dies
894 1687 989 1720 usu
1019 1680 1071 1720 et
1098 1671 1425 1737 experientia
1452 1683 1561 1723 ma·

162 1753 326 1816 gistra
350 1749 646 1816 intelligere
676 1749 806 1798 mihi
831 1754 971 1799 visus
1001 1768 1133 1810 sum,
1164 1738 1422 1814 quantum
1471 1746 1565 1796 ad·

163 1829 382 1896 jumenti
409 1829 528 1876 talis
559 1828 832 1878 adcuratio
858 1829 1179 1879 liberalioris
1215 1829 1407 1881 indolis
1436 1826 1567 1878 ado,

166 1909 488 1960 lescentibus
519 1908 858 1974 suppeditare
901 1915 1088 1976 possit.
1162 1912 1404 1973 Quorum
1454 1915 1567 1976 qui-

167 1991 289 2040 dem
319 1994 658 2058 potissimum
686 1991 979 2039 commodis
1000 2001 1455 2057 meprospectum
1478 2009 1565 2041 vo·

167 2073 329 2121 luisse
361 2073 397 2119 ii
427 2072 793 2126 meminerint,
822 2075 913 2136 qui
953 2087 1038 2119 me
1074 2070 1339 2120 interdum
1385 2071 1568 2137 copio-

173 2157 366 2202 siorem
395 2167 456 2200 ac
483 2152 621 2199 forte
653 2153 868 2199 nimium
899 2152 950 2198 in
988 2151 1340 2216 explanandis
1399 2162 1450 2205 et
1495 2152 1565 2199 ad

172 2233 449 2298 vulgarem
496 2229 753 2294 loquendi
800 2233 1061 2285 rationem
1101 2231 1419 2283 revocandis
1462 2234 1568 2282 for-

170 2315 269 2361 mis
304 2313 528 2378 poeticis
558 2309 988 2378 deprehendant;
1020 2320 1128 2360 tum
1156 2312 1284 2360 illud
1308 2315 1369 2362 iis
1399 2316 1564 2365 maxi-

173 2407 261 2439 me
291 2392 420 2439 locis
454 2391 650 2440 factum
684 2405 802 2438 esse
839 2393 1090 2457 cogitent,
1124 2392 1212 2441 ubi
1240 2394 1326 2443 vel
1363 2397 1566 2443 exerci-

171 2475 420 2520 ‘latiorem
443 2471 674 2536 aliquem
701 2473 981 2530 haesitare,
1021 2475 1109 2522 vel
1138 2476 1334 2539 spissas
1381 2472 1448 2521 ab
1486 2476 1561 2522 in·

171 2551 492 2618 ·1erpretibus
545 2553 871 2618 argutiarum
917 2548 1080 2599 nubes
1128 2549 1370 2601 meridiei
1408 2567 1565 2615 prae»

175 2642 347 2682 textas
383 2634 863 2687 animadverterim.
