1737 3054
886 200 969 247 224

223 323 435 378 poetam
453 347 466 369 ‚
504 319 595 376 qui
619 317 693 361 ad
719 317 958 378 Augusti
982 315 1172 361 landes
1195 314 1451 360 dicendas
1481 317 1620 359 exci-

228 379 638 443 tatus-fnisset,
674 383 1046 443 tergiversari
1071 388 1408 426 statzzerent:
1447 380 1622 439 indig-

228 451 287 494 ni
313 463 571 508 prorsas,
607 449 802 508 quibus
834 448 967 492 talis
999 446 1258 493 laudator
1281 448 1585 507 contingat.

689 603 1177 650 Adnotationes.

325 759 360 786 υ.
386 760 418 782 ι.
446 745 700 782 vividissimis
723 747 828 781 initio
847 746 970 780 statim
1000 751 1108 794 poeta
1135 745 1427 781 enthusiasmum
1451 745 1636 782 coloribus

231 810 422 858 depingit,
449 817 520 859 quo
541 819 580 842 se
605 815 848 855 correptum,
875 815 911 842 et
936 805 983 840 ad
1012 805 1214 848 sublimes,
1242 805 1377 856 quibus
1394 814 1522 852 tumet,
1547 820 1629 844 sen-

228 886 290 908 sus
316 880 425 907 cantu
444 868 671 906 evolvendos
691 870 887 903 incitatum
904 869 1029 903 sentit.
1069 866 1222 901 Scilicet
1246 866 1499 914 magnitudine
1513 869 1634 904 rerum

230 942 414 980 gestarum
442 932 596 978 Augusti
633 931 774 965 animus
807 933 886 976 eius
916 933 969 963 ita
989 926 1231 964 'conturbatur
1257 935 1368 975 atque
1391 929 1607 979 percellitur
1625 956 1638 972 ,

230 1003 269 1030 ut
305 996 490 1043 impotens
517 993 572 1027 sui
593 988 794 1027 bacchetur
809 1015 821 1033 ‚
858 991 1137 1042 ingentiumque
1159 991 1462 1040 phantasmatum
1485 990 1558 1027 sibi
1577 991 1638 1027 ob·

231 1060 411 1107 jectorum
437 1057 575 1104 impetu
600 1053 709 1102 plane
733 1053 924 1089 auferatur
951 1062 1078 1102 poeta.
1113 1054 1195 1098 Quo
1220 1053 1373 1105 quidem
1394 1053 1550 1102 Augusti
1579 1064 1639 1090 ex-

231 1117 388 1154 tollendi
410 1116 543 1159 modo,
570 1129 676 1156 sane,
703 1116 793 1166 quid
814 1119 1001 1162 augustius
1017 1141 1026 1158 ‚
1055 1117 1274 1166 exquisitius
1294 1143 1303 1158 ,
1327 1115 1634 1167 splendidiusque

233 1181 319 1227 fingi
341 1180 570 1228 cogitarique
594 1179 710 1226 ponsit
727 1203 740 1219 ‚
771 1190 842 1211 non
862 1174 986 1213 video.
1021 1174 1102 1211 Jam
1124 1191 1236 1228 quum
1263 1177 1483 1213 excelsioris
1508 1179 1637 1213 enthu-

232 1244 357 1278 siasmi
387 1240 551 1276 Bacchus
573 1248 702 1275 auctor
724 1241 879 1287 (utpote
901 1240 1038 1281 μανίας,
1062 1252 1224 1289 quacum
1248 1240 1524 1275 enthusiasmus
1541 1251 1639 1274 com.

230 1312 388 1355 paratur
426 1318 459 1337 v.
485 1301 553 1337 111.
581 1310 615 1342 4.
638 1300 703 1342 6.,
740 1300 847 1340 θεός)
873 1298 1143 1348 perhibeatur,
1175 1307 1466 1336 consentaneum
1489 1311 1580 1335 sane
1601 1307 1640 1335 et

231 1381 322 1403 vero
354 1368 467 1402 etiam
495 1365 618 1413 poetis
659 1360 815 1398 solenne
852 1367 934 1404 est,
970 1369 1136 1397 naturam
1160 1365 1242 1409 ejus
1267 1360 1378 1410 plane
1400 1361 1449 1397 ad
1479 1361 1641 1397 Baccha·

234 1441 312 1464 rum
335 1427 505 1462 habitum
531 1438 574 1461 ac
609 1422 773 1459 furorem
794 1421 1061 1458 conformatam
1089 1429 1381 1472 repraesentare.
1413 1422 1639 1458 Simulantes

234 1493 346 1536 igitur
380 1487 523 1523 Bacchi
548 1486 649 1533 orgia
675 1491 812 1535 poetae
849 1485 885 1518 in
911 1497 1102 1519 nemorum
1138 1494 1303 1519 recessus
1329 1482 1498 1520 feruntur
1521 1484 1583 1530 (Ι.
1605 1495 1638 1519 1.

231 1565 295 1597 30·
311 1555 323 1594 )
351 1549 541 1586 Bacchum
561 1547 711 1589 vident,
737 1558 820 1581 curn
845 1549 1026 1580 comitatu
1051 1557 1118 1580 suo
1145 1544 1352 1581 discurrere
1368 1571 1379 1589 ,
1405 1543 1543 1590 ειὲἀξειν
1568 1554 1642 1581 cet

237 1620 432 1664 semetque
449 1612 551 1660 ipsos
577 1607 624 1644 ab
649 1621 692 1644 eo
708 1634 719 1649 ,
756 1606 980 1642 Maenadum
1006 1607 1145 1647 instar,
1173 1619 1193 1640 a
1215 1605 1344 1654 thyrso
1368 1608 1517 1655 percuti
1538 1618 1583 1642 ac
1607 1608 1643 1643 in

234 1675 399 1710 furorem
425 1677 482 1720 agi
506 1672 678 1708 sentiunt.
714 1667 828 1715 Igitur
851 1680 894 1702 eo
918 1667 1086 1715 percitus
1110 1674 1218 1714 poeta
1239 1663 1428 1700 ἐνθουσιων
1445 1667 1642 1703 exclamat:

244 1737 329 1781 Quo
358 1746 419 1766 me
438 1733 542 1778 rapis
566 1731 626 1765 tui
641 1730 821 1776 plenum,
861 1738 922 1764 tuo
949 1729 1125 1771 numine,
1154 1736 1213 1763 rua
1240 1729 1274 1762 vi
1294 1727 1506 1777 perculsum
1530 1734 1642 1781 atque

241 1800 455 1834 attonitum.
492 1793 653 1826 Plenum
678 1790 827 1823 Bacchi
841 1794 976 1834 pectus
1000 1789 1170 1824 similiter
1198 1789 1295 1823 dixit
1326 1789 1373 1823 II.
1399 1797 1458 1832 19.
1482 1790 1516 1825 6.
1539 1808 1584 1817 -
1609 1800 1645 1824 2.

240 1857 480 1908 Explicative
501 1853 546 1898 τῷ
573 1851 924 1900 quosubjunguntur
940 1860 1100 1886 nemora
1120 1865 1163 1887 ac
1179 1859 1334 1897 spec-115,
1361 1851 1442 1887 loca
1466 1851 1646 1897 solitaria,

242 1919 406 1956 Bacchis
424 1916 655 1967 frequentari
681 1914 807 1950 solita.
842 1912 1082 1949 Praeclarum
1105 1915 1215 1948 etiam
1238 1914 1323 1954 hoc,
1358 1913 1461 1964 quod
1483 1914 1648 1962 priorem

240 1990 461 2019 structuram
496 1979 617 2013 statim
640 1975 821 2026 relinquit
851 1975 1022 2010 incitatus
1046 1982 1166 2024 poeta.
1208 1971 1291 2007 Aut
1318 1973 1503 2010 familiare
1529 1973 1648 2009 Hora-

244 2047 323 2086 tio,
357 2042 421 2078 ubi
453 2040 548 2075 duas
581 2038 683 2074 ideas
719 2037 927 2088 eloquitur;
959 2038 1082 2072 animo
1115 2034 1220 2072 simul
1244 2034 1425 2083 objectas.
1465 2035 1643 2073 Ceterum

244 2105 396 2141 solenne
429 2102 539 2137 fuisse
571 2100 729 2135 Graecis
753 2097 1018 2148 Dithyrarnbos
1044 2097 1116 2133 hac
1143 2098 1378 2133 Baccharum
1399 2097 1557 2132 formula
1581 2109 1644 2134 ex·

244 2167 388 2208 ordiri,
425 2178 507 2200 cum
532 2167 611 2212 ipsa
633 2162 688 2196 rei
711 2169 840 2196 natura
869 2160 979 2197 fidem
1000 2159 1114 2203 facit,
1149 2165 1225 2194 tum
1251 2170 1350 2195 recte
1376 2160 1468 2197 illud
1495 2159 1649 2209 colligas

249 2242 271 2262 e
291 2226 460 2261 Plautino
493 2224 576 2258 loco
613 2221 880 2266 (Menaechm.
908 2222 953 2259 V.
978 2233 1011 2258 2.
1029 2224 1114 2263 82.)
1144 2220 1206 2257 ubi
1239 2222 1505 2258 Menaechmus
1530 2225 1582 2258 ita
1607 2235 1650 2260 se

247 2289 373 2325 furere
394 2286 556 2322 simum:
587 2282 713 2324 Evoe,
745 2283 852 2327 Eric,
874 2282 1058 2329 Bromie,
1085 2295 1157 2330 quo
1181 2295 1243 2317 me
1262 2283 1301 2316 in
1325 2285 1462 2318 silvam
1479 2290 1650 2322 venatum

249 2352 353 2396 (hoc
371 2363 451 2385 voc.
475 2354 710 2394 corruptum3
734 2344 852 2384 forte:
879 2351 1056 2389 evasum,
1082 2347 1233 2397 antiquo
1253 2347 1386 2390 verbo,
1413 2347 1509 2383 unde
1534 2357 1650 2381 errans

250 2413 414 2455 mansit)
445 2418 570 2444 vocas.
597 2425 644 2433 --
664 2418 700 2450 3.
732 2406 871 2449 velam,
899 2420 1104 2457 praeceps,
1141 2412 1255 2443 citato
1280 2420 1400 2443 cursu.
1436 2407 1532 2444 Vere
1563 2407 1649 2444 bac-

252 2475 425 2510 chantem
464 2469 529 2505 tibi
549 2476 699 2518 poetam
727 2471 860 2516 cogita.
897 2470 1012 2515 Igitur
1035 2470 1095 2505 vix
1133 2468 1228 2505 bene
1257 2469 1304 2505 de
1329 2471 1465 2517 ingenii
1492 2472 1572 2504 nisu
1600 2472 1652 2503 in·

255 2534 486 2585 terpreteris.
518 2549 564 2556 —
593 2531 728 2564 Mente
761 2544 859 2567 nova
882 2535 1021 2584 quippe
1055 2545 1075 2567 a
1100 2532 1181 2568 Deo
1206 2544 1401 2582 possessa,
1427 2531 1498 2567 alio
1540 2529 1651 2579 plane

255 2597 393 2633 mentis
416 2593 557 2636 habitu,
579 2592 734 2642 expulso
753 2595 910 2643 pristino
933 2606 1040 2629 sensu
1061 2592 1276 2637 (Claudian.
1302 2591 1476 2627 XXXIII.
1501 2593 1576 2635 5·)',
1603 2589 1652 2623 ob

259 2671 370 2696 novas
405 2669 525 2694 ammo
554 2659 634 2702 ejus
655 2653 823 2703 objectas
846 2668 964 2693 rerum
989 2657 1163 2705 species,
1199 2667 1315 2692 novos
1336 2666 1380 2691 ae
1419 2652 1652 2690 sublimiores
