1737 3054
740 237 1114 279 ——316-

156 403 159 407 ἱ
228 341 408 398 lecta)
454 359 733 407 servaret,
780 357 1009 413 partim,
1046 370 1180 415 quae
1211 361 1338 400 tunc
1366 356 1618 413 temporis

121 408 154 434 ‘⁴‘
177 437 180 445 ι
222 408 454 477 er‘mllm
482 421 889 475 composuisset,
940 423 995 464 in
1032 437 1194 465 unum
1222 422 1469 465 volumen
1497 436 1619 463 con·

210 479 404 530 Jecta,
454 486 562 526 tum
603 487 836 541 primum
875 501 983 530 una
1009 502 1125 531 cum
1156 488 1490 531 Neronianis
1538 493 1618 534 (c.

224 537 319 581 IV·
345 548 394 584 et
424 545 603 596 XVI.)
643 551 869 594 edidisse
914 553 1187 603 carmina,
1234 558 1392 612 atque
1432 553 1528 596 lzoc
1567 566 1620 594 α-

228 603 326 647 deo
351 621 538 664 sensu,
583 629 720 674 quae
760 632 792 660 a
833 617 1090 660 Suetonio
1121 618 1445 670 tradantur,
1483 616 1621 660 acci-

223 669 424 726 pienda
470 691 578 720 esse
615 680 863 736 adparet.
892 704 959 712 —
981 681 1111 725 Jam
1145 683 1216 728 ad
1244 685 1474 739 primum
1504 697 1620 725 car-

223 749 342 778 men
383 742 521 797 quod
571 745 799 799 attinet,
860 745 933 789 ad
975 746 1126 789 lusus
1164 747 1307 792 illud
1342 749 1617 799 Poeticos‚

222 805 553 849 tractationi
580 808 804 867 lyricae
836 812 1179 869 aptissimos,
1217 813 1521 872 eosdemque
1549 813 1617 855 ab

222 869 425 912 aetatis
453 871 612 917 istius
635 875 941 922 hominibus
966 877 1156 934 cupide
1175 880 1446 936 expetitos
1472 878 1620 921 lecti-

220 935 469 992 tatosque
507 944 650 998 (qua
689 942 807 999 ipsa
843 942 904 986 de
948 958 1113 988 causa
1139 944 1281 988 hunc
1321 945 1425 1000 ipsi
1451 941 1617 1001 hujus

219 994 355 1040 libri
376 996 577 1058 fronti
613 1000 933 1068 praefixum
976 1023 1086 1053 esse
1124 1011 1399 1067 suspicor)
1457 1010 1614 1050 unice

221 1060 568 1122 referendum
598 1086 707 1117 esse
726 1105 739 1127 ,
789 1076 1106 1136 argumenti
1128 1074 1249 1134 ejus
1275 1074 1488 1118 abunde
1525 1073 1617 1117 ad-

219 1134 432 1176 struere
482 1136 698 1182 videtur
747 1140 965 1186 levitas.
1033 1141 1101 1184 In
1151 1157 1251 1201 quo
1295 1155 1617 1198 quamquam

218 1197 424 1241 amoris
459 1207 718 1248 naturam
759 1211 919 1265 atque
946 1208 1228 1266 ingenium
1258 1205 1329 1248 ad
1360 1205 1615 1248 amussim

213 1259 381 1315 plane
406 1263 788 1327 descripserit5
824 1271 968 1316 illud
996 1277 1176 1317 tamen
1202 1277 1413 1315 tantum
1442 1271 1613 1321 abest,

216 1331 275 1369 ut
314 1329 508 1384 paullo
553 1335 793 1394 iniquius
829 1337 891 1380 de
930 1337 1172 1381 moribus
1207 1341 1426 1393 poetae,
1476 1333 1615 1393 quod

216 1393 426 1449 ‘laidem
446 1397 762 1446 invenustos
788 1402 1028 1447 homines
1043 1402 1297 1461 quosdam
1311 1397 1513 1459 facere
1542 1400 1616 1441 vi·

216 1456 372 1512 deas,
395 1458 564 1519 ferre
590 1480 691 1510 nos
726 1476 891 1528 cogat
905 1466 1203 1526 judicium,
1240 1472 1299 1510 ut
1324 1467 1380 1509 in
1398 1478 1614 1522 reprae-

215 1527 480 1569 sentando
516 1545 632 1575 cum
667 1537 825 1578 tanta
858 1532 1098 1579 colorum
1124 1534 1356 1577 veritate
1381 1531 1615 1582 amoris,

215 1604 250 1632 α
277 1605 376 1647 quo
407 1584 588 1638 t'amen
614 1598 869 1644 immunis
897 1606 1060 1651 esset,
1106 1595 1332 1657 adfectu
1360 1611 1614 1641 summum

218 1667 335 1697 eum
363 1660 546 1713 potius
569 1661 843 1708 admirari
870 1665 1055 1709 deceat
1080 1656 1376 1724 artificem.
1417 1665 1618 1717 Depre·

217 1725 379 1763 catur
417 1731 596 1769 autem
634 1744 871 1774 amorem
925 1731 1029 1773 sibi
1069 1728 1542 1788 quinquagenario
1581 1741 1614 1769 a

216 1784 422 1830 Venere
463 1789 756 1849 injectum,
809 1810 1026 1852 eumque
1056 1794 1127 1839 ad
1152 1795 1409 1839 Paullum
1435 1792 1618 1835 Μακί-

212 1851 678 1911 mum,juvenem
721 1859 985 1909 nobilem,
1045 1859 1332 1915 pulchrum
1376 1873 1440 1901 ac
1482 1857 1617 1900 divi-

214 1920 349 1968 tem,
393 1920 486 1974 qui
524 1922 574 1963 ei
601 1921 718 1966 ideo
754 1926 940 1982 aptior
960 1926 1059 1974 sit,
1112 1925 1408 1985 elegantur
1432 1938 1617 1966 aman-

211 1978 341 2037 dati
376 1982 602 2044 dumque
628 1987 816 2050 sejam
843 1993 1008 2050 plane
1036 1992 1286 2034 nuntium
1317 1989 1495 2033 amori
1522 1989 1614 2030 mi-

207 2047 340 2090 sisse
383 2044 708 2112 εἰὲηζῇοαΐ,
757 2072 873 2100 ecce
910 2059 1106 2102 iterum
1138 2056 1468 2116 gravissimo
1498 2068 1611 2096 sese

209 2114 415 2157 amoris
441 2125 598 2170 aestu
625 2124 940 2177 pertentari
973 2121 1370 2166 animadvertit
1396 2148 1408 2166 ‚
1460 2133 1609 2177 quem

210 2178 420 2223 invitus
441 2183 668 2241 quidem,
690 2188 783 2232 sed
798 2194 1020 2232 venuste
1037 2186 1322 2231 admodum
1342 2185 1608 2243 explicat.

213 2241 448 2290 Omnino
475 2264 735 2311 magnum
752 2268 864 2298 sese
886 2260 1097 2314 poetam
1118 2252 1354 2297 ostendit
1379 2253 1477 2294 hoc
1496 2265 1610 2293 car-

207 2308 353 2353 mine
384 2313 677 2371 Horatius,
713 2321 824 2364 sive
857 2319 1174 2381 argumenti
1205 2316 1326 2378 ejus
1357 2317 1611 2361 tractati-

209 2388 392 2431 onem>
429 2381 540 2423 sive
561 2383 928 2442 eloquutionis
964 2385 1267 2433 doctrinam
1304 2387 1509 2439 spectes
1531 2386 1608 2423 at-

209 2452 307 2496 que
326 2451 555 2491 comtum
584 2457 919 2497 venustatem
938 2470 952 2494 .-
980 2452 1036 2494 in
1063 2466 1163 2510 quo
1184 2457 1362 2493 tamen
1390 2464 1424 2491 a
1451 2460 1608 2506 grae-

212 2505 287 2548 cis
320 2523 436 2555 eum
463 2516 687 2561 subinde
728 2515 1049 2579 profecisse,
1096 2517 1192 2558 vix
1218 2513 1463 2557 dubitari
1494 2517 1608 2568 pot-

211 2580 307 2618 est.
379 2582 619 2629 Ceterum
656 2600 973 2644 quamquam
995 2598 1091 2640 pro
1120 2580 1429 2638 explorato,
1468 2577 1606 2652 quis:

211 2654 337 2686 nam
369 2647 466 2692 ille
490 2644 726 2696 Pdullus
752 2644 1233 2708 Ivlaximusfuerit
1252 2677 1264 2700 ‚
1302 2646 1398 2688 vix
1432 2648 1602 2686 statut

210 2720 362 2765 posse
381 2715 680 2764 existimem
696 2731 716 2771 3
743 2717 880 2763 satis
896 2721 1076 2762 tamen
1094 2710 1399 2775 probabilis
1421 2723 1603 2754 eorum
