1737 3054
461 820 530 883 Q.
566 746 883 867 HORATssl
916 812 1183 863 FLACCI

207 927 271 998 C
362 926 433 999 A
526 927 602 997 R
696 925 800 994 M
891 926 931 996 Ι
1022 925 1104 996 N
1195 924 1266 995 U
1357 920 1459 996 M

561 1061 755 1107 IABER
791 1058 1100 1122 QUARTUS.

379 1331 1296 1394 CARMENI.

518 1456 1180 1503 ARGUMENTUM

149 1549 437 1656 Quartum
479 1580 638 1623 lzocee
678 1581 980 1625 carminum
1031 1581 1341 1638 lyricorum
1384 1575 1536 1622 volas

140 1661 255 1688 men
286 1660 354 1687 ex
380 1645 546 1704 longo
572 1646 870 1689 intervallo
898 1647 964 1690 ab
986 1646 1234 1698 Horatio,
1258 1643 1412 1700 idque
1428 1645 1530 1685 Au-

139 1711 291 1770 gusti
312 1711 652 1767 potissimum
682 1712 905 1755 hortatu
924 1743 938 1765 ,
973 1711 1066 1770 qui
1090 1713 1169 1755 ita
1202 1722 1393 1753 cavere
1422 1711 1531 1750 stu-

141 1776 324 1829 deret,
364 1791 465 1834 quo
505 1778 711 1826 minus,
766 1791 900 1835 quae
932 1778 990 1819 in
1020 1779 1290 1827 Nerones,
1325 1772 1534 1832 privig-

141 1856 241 1885 nos
267 1856 392 1884 suos
410 1872 422 1894 ,
459 1842 628 1898 ipsius
643 1840 813 1900 jussu
831 1843 898 1886 ab
924 1857 979 1883 eo
1006 1840 1303 1898 composita
1337 1842 1532 1888 essent,

144 1907 543 1951 interciderent
585 1909 834 1951 carmina
875 1900 1087 1959 ἐπινίκια,
1135 1905 1413 1963 prioribus
1440 1901 1538 1947 tri-

144 1973 242 2016 bus
257 1969 446 2030 fuisse
477 1972 747 2025 additam,
785 1989 818 2018 a
849 1974 1104 2015 Suetonio
1134 1971 1216 2019 (in
1245 1971 1359 2013 vitu
1386 1965 1532 2026 ejus)

147 2037 418 2094 proditum
445 2043 539 2080 est.
587 2039 678 2081 Ex
705 2053 804 2097 quo
843 2045 1024 2082 tamen
1052 2037 1167 2080 loco
1212 2041 1405 2078 temere
1450 2046 1538 2075 eos

149 2117 315 2162 agere
347 2104 624 2157 arbitror,
677 2105 767 2163 qui
795 2115 900 2146 non
939 2104 1227 2161 pleraque,
1265 2098 1402 2158 quod
1427 2097 1540 2156 qui-

151 2168 264 2211 dem
299 2170 634 2214 verissimum
668 2170 914 2222 videtur,
962 2169 1052 2212 sed
1080 2167 1260 2211 omnia
1283 2176 1538 2223 prorsus,

152 2247 288 2291 quae
327 2235 382 2277 in
408 2236 504 2280 hoc
543 2235 684 2279 libro
713 2237 1090 2287 continentur,
1126 2248 1298 2283 nova,
1333 2231 1383 2272 ll·
1414 2231 1539 2285 post

155 2303 266 2340 tres
290 2299 493 2345 demum
522 2302 694 2346 libros
722 2303 954 2354 emissos,
984 2317 1016 2345 a
1042 2306 1200 2357 poeta
1227 2295 1540 2350 conscripta

156 2377 267 2406 esse
293 2367 586 2422 opinentur
611 2369 884 2419 carmina,
924 2382 1080 2426 quum
1112 2367 1166 2408 in
1198 2365 1281 2407 Izi-s
1311 2357 1541 2404 nonnul-

157 2429 215 2472 la
232 2429 725 2486 deprehendantur,
743 2448 877 2492 quae
897 2433 968 2476 ad
983 2433 1284 2478 anteriora,
1321 2426 1376 2470 id
1403 2422 1541 2483 quod

157 2495 372 2539 abunde
397 2498 637 2554 ipsorum
672 2500 862 2559 arguit
894 2498 1129 2550 indoles,
1165 2493 1371 2555 referri
1397 2490 1545 2534 debe-

158 2567 256 2604 ant
290 2568 546 2619 tempora.
600 2565 900 2609 Dicendum
929 2565 1105 2624 igitur
1127 2564 1307 2621 potius
1329 2563 1543 2616 poetam

156 2629 361 2682 partim
395 2645 456 2671 ea
474 2658 486 2679 ‚
522 2644 654 2686 quae
682 2631 881 2674 dudum
905 2636 1107 2687 parata
1129 2642 1295 2688 neque
1321 2624 1441 2667 dum
1468 2626 1545 2664 ta-

156 2705 276 2736 men
303 2694 360 2737 in
389 2694 592 2757 vulgus
619 2696 764 2741 edita
795 2699 963 2750 (certe
994 2712 1102 2741 non
1131 2696 1188 2739 in
1214 2692 1422 2754 fascem
1442 2683 1546 2731 col-
