1737 3054
621 211 991 256 *355-

129 318 244 360 plane
264 313 583 358 Herculisfsidere
599 321 861 359 procreatum,
882 316 957 359 cui,
984 316 1094 362 quasi
1113 315 1296 365 ab'angue
1321 320 1486 358 Lernaeo
1499 350 1513 366 ‚

134 385 191 413 tot
212 388 319 412 caesa
342 376 513 413 hostium
535 374 662 422 capita
685 377 732 411 de
756 378 940 425 sanguine
963 389 1029 414 suo
1056 386 1315 417 renascuntur.
1344 382 1419 420 Sed
1447 385 1517 422 fre.

125 447 335 492 quentatum
369 440 518 475 omnino
540 446 627 475 vett.
657 447 805 474 enatum
834 439 920 475 inde
951 440 1185 489 proiverbium
1225 438 1326 485 ὕδραν
1353 445 1513 489 τέμνειν,

122 501 185 537 ubi
208 514 256 537 ex
281 514 350 536 uno
377 500 502 543 malo,
540 500 637 550 quod
661 502 875 545 sustuleris,
903 516 991 538 nova
1014 504 1164 553 copiose
1191 514 1378 550 emergere
1397 507 1512 541 anim-

121 562 292 598 advertas
304 563 329 607 ·,'
352 559 399 595 de
422 574 493 610 quo
519 561 593 598 vid.
628 562 802 599 Torrent·
828 563 905 599 h.l.
931 563 1123 600 etErasm.
1149 564 1266 612 Adag-
1296 579 1333 615 p.
1357 577 1426 609 3¹9
1467 567 1512 594 -—'

123 623 261 667 Hydra
287 624 551 668 nonfirmior,
584 624 720 659 firmius
745 623 862 658 crevit
885 624 925 658 in
947 625 1169 669 Herculem,
1201 625 1307 661 docta
1330 625 1511 663 breuitate

118 698 186 734 pro
203 711 214 730 ‚
243 700 320 738 ⁸non
344 688 461 733 magis
487 689 586 722 secto
621 698 799 731 corpore,
833 694 972 723 resecto
998 702 1069 724 uno
1101 689 1222 736 capite
1253 702 1347 723 novo
1369 680 1514 725 succre-

115 756 240 782 scente
261 748 419 794 capitum
440 759 605 790 numero,
627 749 992 785 viriumincrementa
1013 753 1114 795 c÷pit
1130 774 1141 791 ‚
1165 748 1298 800 quibus
1320 747 1506 785 obnitere-

116 816 173 842 tur
204 808 371 844 Herculi.
403 810 502 845 Nova
527 810 701 846 adversus
740 809 937 846 Herculem
972 809 1148 844 subrecta
1183 813 1305 860 capita
1331 812 1437 848 docte
1462 813 1510 858 τῷ

116 871 235 904 crevit
259 870 423 917 designat
447 879 572 921 poeta.
598 891 641 898 —-
665 872 764 906 vinci
791 864 1007 915 dolentem,
1044 871 1215 908 omnibus
1239 874 1379 910 viribus
1404 875 1508 910 adni-

115 941 252 968 tentem
269 959 280 974 ‚
316 947 359 968 ne
383 934 616 977 vinceretur,
652 935 811 981 graviter
838 934 1100 970 colluctantem
1128 947 1209 970 cum
1234 934 1351 984 hydra
1378 947 1507 984 aeger-

113 996 280 1045 rimeque
297 995 527 1035 vincentem;
553 996 728 1030 immense
753 1000 876 1030 auctas
900 994 1040 1044 hydrae
1062 998 1156 1030 vires
1169 995 1279 1032 docte
1303 1002 1352 1031 ita
1376 996 1502 1032 decla-

110 1059 185 1091 rari
213 1065 311 1102 puta.
342 1054 437 1089 Iolai
457 1054 603 1089 demum
625 1052 692 1105 orie
713 1054 915 1092 Herculem
936 1054 976 1090 id
1003 1053 1172 1092 effecisse
1187 1083 1198 1099 ,
1235 1058 1272 1091 in
1299 1056 1424 1103 vulgus
1445 1073 1506 1094 no-

112 1122 207 1152 tum.
235 1136 280 1143 —
301 1119 356 1159 63.
388 1117 516 1167 Neque
548 1116 663 1151 draco
687 1116 802 1152 caede
835 1129 900 1152 sua
930 1115 1089 1152 ferocior
1119 1129 1162 1152 ae
1192 1117 1396 1154 terribilior
1420 1117 1503 1156 fuit.

108 1176 138 1211 E
168 1179 257 1212 satis
284 1181 362 1224 ejus
387 1176 556 1212 dentibus
580 1178 798 1226 provenisse
829 1171 986 1219 ’γηγενεῖς
1018 1178 1128 1229 idque
1156 1187 1344 1221 armatos,
1379 1185 1505 1215 notum

108 1239 169 1274 vel
191 1252 235 1275 ex
263 1239 376 1276 ovid.
399 1238 493 1277 Met.
518 1238 592 1272 111.
619 1249 683 1274 101
706 1252 787 1289 sqq.
822 1238 1074 1283 Prodigiosum
1101 1240 1197 1274 hunc
1219 1248 1334 1276 terrae
1359 1248 1504 1291 partum

108 1300 218 1336 docte
249 1296 464 1335 monstrurn
489 1308 598 1350 poeta
617 1299 782 1349 adpellat
800 1325 809 1339 .
851 1300 950 1350 quod
984 1300 1113 1333 Colchi
1137 1306 1174 1334 et
1204 1299 1372 1345 Thebae,
1400 1311 1502 1338 terra

107 1363 286 1398 Colchica
315 1376 358 1398 ac
381 1361 561 1398 Thebana
582 1361 809 1404 submisere,
834 1360 1042 1411 protulere;
1071 1361 1202 1396 Iasone
1215 1361 1376 1407 Colchis,
1400 1364 1503 1401 The.

104 1423 163 1458 bis
187 1424 326 1460 Cadmo
347 1424 475 1460 dentes
497 1426 584 1460 istos
607 1424 826 1461 serentibus.
852 1423 1012 1472 Elegans
1037 1430 1091 1459 est
1108 1435 1193 1459 usus
1216 1426 1315 1460 verbi
1339 1426 1500 1474 submit.

104 1490 182 1516 tere
208 1481 453 1527 ἀναπέμπειν,
477 1484 523 1520 ‹le
543 1484 668 1528 rebus,
694 1498 783 1536 quas
804 1491 901 1520 terra
927 1485 1061 1530 gignit,
1091 1486 1236 1533 passim
1257 1495 1401 1522 notatus
1419 1488 1495 1522 VV.

102 1546 188 1579 DD.
214 1545 326 1580 veluti
349 1545 475 1581 Burm-
502 1546 549 1582 ad
571 1545 654 1581 Val.
675 1544 735 1582 Fl.
757 1544 826 1579 ΙΙΙ.
851 1551 932 1586 528.
957 1552 992 1579 et
1013 1544 1061 1579 ad
1087 1544 1259 1593 Propert.
1282 1547 1309 1582 I.
1335 1557 1368 1582 2.
1394 1559 1428 1591 9.
1452 1568 1496 1574 —

105 1605 342 1648 Echioniae,
370 1607 550 1643 Boeotiae
565 1634 575 1650 ,
601 1606 649 1640 ab
668 1607 832 1642 Echione
847 1631 858 1650 ,
891 1621 961 1641 uno
981 1609 1247 1653 terrigenarum
1262 1634 1271 1650 ‚
1301 1624 1319 1644 e
1341 1598 1510 1663 reliquis.

101 1673 238 1704 mutuis
260 1665 392 1703 ictibus
416 1667 653 1717 pereuntibus
664 1678 679 1711 ,‘
700 1682 781 1704 eum
804 1677 956 1720 quatuor
977 1668 1062 1703 aliis
1085 1672 1301 1718 superstite.

193 1743 223 1764 υ.
246 1732 290 1772 65
305 1741 389 1776 sqq·
414 1729 594 1767 Similiter
619 1744 690 1782 qua
713 1730 828 1766 verba
851 1742 924 1782 qua
947 1732 1162 1766 sententiam
1188 1730 1370 1768 Hannibal
1394 1735 1491 1784 apud

96 1791 182 1827 Liv.
208 1792 328 1828 XXII.
353 1804 406 1833 ¹4.
429 1793 508 1827 init.
544 1792 641 1826 Cum
664 1804 705 1826 eo
728 1790 915 1826 nimirum
936 1791 1045 1826 hoste
1067 1802 1126 1825 res
1150 1799 1231 1835 est,
1260 1795 1326 1841 qui
1346 1808 1413 1829 nee
1427 1796 1489 1830 bo.

96 1866 186 1887 nam
208 1865 275 1888 nee
294 1855 440 1888 malam
449 1856 562 1903 ferre
566 1854 779 1902 fortunam
795 1855 945 1900 potes&
966 1863 1034 1900 :seu
1056 1852 1157 1897 vicit,
1167 1853 1354 1901 ferociter
1366 1856 1490 1891 instat

95 1917 232 1954 victis:
257 1930 321 1953 seu
341 1917 464 1953 victus
489 1922 560 1960 est,
593 1918 785 1951 instaurat
807 1927 895 1948 cum
919 1914 1124 1948 victoribus
1145 1921 1349 1950 certamen.
1378 1917 1484 1954 Idem

95 1980 196 2026 apud
215 1981 345 2017 lustin.
367 1980 511 2016 XXXI.
537 1987 571 2019 5.
609 1978 712 2013 Aliis
732 1977 838 2012 bellis
867 1976 1083 2021 plurimum
1108 1979 1295 2012 momenti
1319 1979 1481 2024 habere,

88 2043 261 2089 priorem
278 2041 450 2089 aliquam
469 2039 610 2086 cepisse
633 2040 871 2074 occasionem
897 2038 970 2072 loci
994 2039 1273 2087 temporisque,
1301 2053 1415 2084 agros
1427 2043 1484 2077 di.

90 2105 253 2149 ripuisse
274 2131 285 2146 ,
310 2103 417 2138 urbes
438 2100 680 2148 expugnasse
691 2114 704 2139 ,·
730 2113 815 2135 cum
842 2099 1015 2136 Romano
1029 2127 1039 2143 ,
1066 2112 1131 2134 seu
1146 2106 1387 2153 occupoveris
1396 2106 1480 2150 pri.

90 2178 134 2201 or
159 2166 313 2209 aliqua,
338 2177 403 2200 seu
424 2163 585 2208 viceris,
617 2168 701 2197 tum
722 2163 842 2197 etiam
862 2174 948 2196 cum
972 2162 1070 2196 victo
1096 2168 1133 2196 e!
1148 2164 1298 2206 jacente
1327 2167 1478 2202 lactan-

88 2227 181 2260 dum
203 2238 292 2261 esse.
318 2225 444 2262 Sidon.
467 2226 592 2275 Apoll.
617 2238 650 2260 c.
677 2224 762 2261 Vll.
787 2226 822 2261 6.
857 2224 1039 2258 Adversis
1057 2223 1113 2258 sic
1134 2224 1258 2259 Roma
1275 2227 1393 2262 micat
1416 2231 1481 2264 cui

74 2287 188 2334 fiaeus
213 2287 258 2321 ab
281 2292 369 2322 ortu
390 2289 480 2324 ordo
491 2287 581 2334 fuit
601 2286 758 2320 crevisse
781 2285 911 2323 malis.
958 2284 998 2320 ln
1034 2286 1167 2321 Nostro
1194 2289 1286 2324 mire
1311 2291 1474 2327 animum

86 2349 260 2399 percellit
283 2362 440 2384 nervosa
459 2348 644 2390 brevitas,
671 2360 762 2400 quae
778 2346 1016 2385 antithesibus
1036 2351 1196 2395 vigorem
1220 2349 1339 2391 addit.
1367 2353 1475 2385 Mer.¹

86 2421 145 2444 ses
173 2411 389 2456 profundo,
432 2412 461 2445 si
494 2413 581 2445 mari
604 2421 687 2445 eam
710 2415 853 2461 penitus
877 2412 1093 2456 immergas,
1122 2412 1335 2447 immersam
1365 2426 1475 2461 putes

84 2470 123 2507 h.
146 2471 412 2506 calamitatibus
437 2482 650 2519 oppressam
666 2497 677 2512 ‚
704 2470 870 2505 cladibus
897 2462 1102 2506 conse‘ctam
1117 2498 1129 2513 ,
1157 2485 1242 2508 ecce
1263 2474 1476 2517 pulchrior,

88 2534 283 2582 gloriosior
321 2531 467 2574 evenit,
511 2534 667 2579 emergit
692 2558 702 2575 ,
768 2534 802 2566 in
841 2531 950 2567 malis
984 2536 1098 2582 major
1133 2535 1293 2571 exsistit.
1350 2536 1473 2581 Quan-

89 2604 127 2631 to
147 2595 275 2631 fortior
309 2597 441 2629 Noster
471 2595 652 2629 imitatore
671 2606 736 2629 suo
759 2593 875 2629 Rutil.
901 2592 987 2632 ltin.
1012 2593 1042 2628 I.
1069 2603 1146 2641 ¹²9·
1182 2595 1306 2629 Flevit
1332 2607 1473 2630 succes-

92 2669 155 2694 sus
181 2657 379 2694 Hannibal
392 2657 474 2705 ipse
497 2668 598 2696 suos.
629 2657 734 2701 Quae
759 2656 884 2704 mergi
915 2660 1105 2703 nequeunt
1122 2682 1130 2697 ,
1166 2657 1251 2692 nisu
1276 2647 1466 2702 majorar-

1121 2723 1155 2735 V'V

1118 2731 1158 2765 Δ
1199 2722 1218 2746 2
