1737 3054
672 203 1041 248 „253-

164 306 315 343 eosdem
340 308 375 341 in
404 317 528 342 rernm
561 309 789 353 magicarum
820 304 1073 354 descriptione
1096 303 1177 341 fere
1206 300 1394 343 luxuriare
1418 305 1558 345 videas.

163 369 261 404 Tum
289 368 358 402 hoc
392 380 538 403 carmen
567 372 622 403 est
649 366 695 402 ad
728 366 921 417 puellam,
960 365 1007 401 de
1036 367 1136 401 exitu
1161 367 1303 401 itineris
1329 367 1425 403 forte
1450 369 1559 403 nimis

160 430 343 479 trepidam
377 441 425 464 ac
454 428 552 463 male
585 431 814 464 ominantem
831 453 842 471 ,
877 430 936 463 eui
962 428 1122 462 animum
1149 428 1199 462 ita
1220 427 1378 463 reddere
1403 438 1558 464 conatur

157 493 339 526 Horatius.
377 491 465 525 Dici
486 491 583 526 enim
609 491 673 525 vix
697 495 841 540 potest,
869 501 980 540 quam
1004 490 1259 537 superstitiose
1286 489 1445 524 Romani
1467 490 1556 525 olim

152 560 346 605 antequam
369 557 438 588 iter
463 550 771 598 ingrederentur,
805 549 968 586 fortuitis
983 549 1094 586 rebus
1117 550 1366 592 attenderint,
1393 552 1553 601 indeque

151 616 209 654 vel
241 615 330 651 boni
368 614 428 651 vel
459 613 548 650 mali
571 615 714 650 ominis
741 625 870 650 causas
903 614 1165 650 derivaverint.
1204 613 1293 649 vid.
1324 612 1382 648 vel
1408 611 1553 651 Tibull.

151 679 184 716 Ῑ.
209 688 244 720 3-
268 690 290 722 9
312 696 357 705 —
381 686 441 714 20.
474 676 555 712 Jam
581 679 847 713 sententiarum
866 682 1189 727 progressionem,
1215 674 1342 726 paullo
1367 674 1559 723 impediti-

157 747 284 782 orem,
320 742 370 775 ita
402 738 471 773 tibi
503 737 674 788 explica:
715 739 795 773 Non
823 738 983 774 infausta
1012 737 1195 789 quidem,
1235 750 1331 788 quae
1358 746 1457 773 tuum
1487 741 1556 773 iter

151 807 365 841 morentur.
393 801 507 836 habes
531 807 652 837 omina
671 826 684 843 ,
711 814 833 852 neque
857 814 900 837 ea
925 813 992 848 ego
1016 799 1082 836 tibi
1102 798 1340 849 profecturae
1364 799 1558 850 adprecer,

150 865 321 914 quamvis
356 867 391 896 te
421 866 577 897 retinere
605 865 758 911 cupiam
777 888 787 902 ,
828 870 868 896 ut
893 863 1016 912 potius
1033 888 1044 904 ,
1081 875 1194 913 quum
1221 862 1341 898 semel
1362 863 1433 896 iter
1455 862 1561 911 apud

151 930 188 960 te
221 930 323 959 certo
353 925 592 960 constitueris
610 950 620 966 ‚
657 929 739 974 ipse
763 924 863 959 Deos
890 936 1014 970 rogem
1032 949 1045 965 ,
1083 931 1122 958 ut
1142 921 1262 967 bona,
1286 936 1380 974 quae
1403 922 1558 959 felicem

153 986 399 1036 profectionis
440 990 521 1021 tuae
563 987 712 1021 exitum
736 984 964 1034 spondeant,
1002 986 1123 1019 omina
1151 986 1323 1025 mittant3
1348 983 1414 1019 sed
1436 982 1560 1019 adver-

149 1048 222 1083 sari
246 1046 314 1080 tibi
341 1048 426 1080 anni
452 1051 598 1095 ternpus
622 1043 887 1080 inclementius
913 1045 992 1094 ipsa
1011 1044 1127 1093 probe
1152 1046 1335 1092 intelligis
1363 1052 1434 1081 cet.
1477 1045 1558 1080 Jam

149 1120 240 1159 pro:
278 1106 380 1142 haud
411 1107 566 1143 infausta
601 1105 838 1157 profecturae
860 1103 927 1140 tibi
953 1108 1075 1141 omina
1102 1105 1309 1155 adprecer,
1348 1105 1456 1150 docta
1476 1119 1559 1141 con-

153 1171 322 1205 versione
346 1178 426 1204 est:
453 1168 563 1219 Impii
587 1171 658 1205 iter
687 1167 824 1204 talibus
847 1167 1032 1204 ominibus
1048 1196 1058 1211 ‚
1083 1169 1216 1220 quibus
1241 1169 1424 1219 pessimus
1449 1182 1561 1203 even-

153 1239 212 1267 tus
254 1231 500 1282 respondeat,
539 1232 795 1280 auspicentur!
838 1230 898 1265 Ad
919 1230 1063 1277 impios
1082 1230 1415 1273 abominationem,
1451 1244 1563 1274 quam

152 1299 189 1328 in
213 1294 338 1330 hostes
371 1300 586 1330 convertere
610 1292 766 1329 solenne
807 1301 860 1328 est
896 1297 958 1336 (v.
987 1293 1045 1328 vel
1066 1308 1100 1329 v.
1127 1304 1184 1330 21.
1217 1298 1330 1329 nostri
1354 1294 1562 1336 carminis)

152 1355 346 1404 praeclare
371 1355 523 1391 deflexit
541 1358 677 1405 poeta,
703 1363 742 1390 ut
766 1354 958 1391 Galateam
980 1354 1033 1390 nil
1055 1355 1129 1391 tale
1154 1363 1360 1391 merentem
1387 1355 1560 1392 ostende-

156 1425 228 1454 ret.
259 1417 385 1453 Facile
410 1426 538 1454 autem
562 1422 701 1468 apoeta
726 1416 933 1466 exspectari
954 1421 1113 1465 poterat,
1138 1425 1177 1451 ut
1201 1415 1448 1452 infaustorum
1473 1419 1563 1452 ozni·

153 1493 241 1514 num
273 1481 421 1529 species
448 1478 646 1515 nonnullas
678 1476 953 1514 adnumeraret.
996 1478 1054 1513 De
1074 1488 1195 1522 parra
1217 1490 1347 1525 parum
1370 1478 1562 1528 explorata

154 1547 343 1583 tenemus,
371 1541 416 1575 ad
440 1553 638 1590 meropum
658 1539 742 1575 aliis
757 1565 768 1582 ,
795 1539 876 1574 aliis
895 1537 943 1573 ad
969 1538 1200 1576 vanellorum
1223 1552 1307 1576 eam
1328 1553 1438 1587 genus
1460 1541 1559 1575 refe-

153 1601 326 1638 rentibus.
376 1602 535 1652 Apicem
557 1615 638 1638 eam
667 1605 702 1635 in
730 1602 853 1651 capite
873 1600 1012 1637 habere
1029 1628 1039 1644 ,
1077 1609 1112 1636 et
1134 1600 1322 1637 viridioris
1343 1601 1478 1637 coloris
1502 1615 1559 1637 es-

151 1675 217 1707 ne,
243 1669 407 1699 constan·
444 1676 513 1699 nec
540 1665 661 1700 minus
690 1661 737 1699 de
763 1665 905 1699 insuavi
932 1667 1012 1712 ejus
1039 1672 1169 1706 cantu,
1197 1664 1393 1700 Paullinus
1417 1665 1464 1700 ad
1485 1665 1559 1700 Au-

149 1737 227 1761 son.
250 1739 310 1775 ep.
335 1735 368 1760 2.
398 1725 456 1767 36.
489 1725 534 1760 Si
552 1727 703 1773 confers
732 1727 874 1766 fulicas
897 1727 1051 1770 cycnis,
1079 1732 1118 1760 et
1144 1726 1290 1761 aedona
1305 1739 1460 1776 parrae.
1493 1726 1554 1762 Ad

149 1791 316 1822 nostrum
350 1785 474 1822 locum
511 1796 640 1824 tenere
664 1786 801 1824 sufficit
819 1817 829 1831 ‚
873 1788 983 1825 fuisse
1006 1797 1156 1824 cantum
1184 1793 1265 1838 ejus
1286 1801 1307 1823 a
1326 1789 1429 1825 laeva
1454 1789 1560 1825 audi·

150 1855 226 1883 tum
265 1851 371 1891 (nam
399 1853 427 1883 al.
455 1848 592 1885 dextra
615 1850 816 1886 condicere
848 1849 1069 1894 putabatur.-
1094 1849 1210 1885 Plani.
1236 1849 1341 1888 Asin.
1364 1850 1415 1885 II.
1439 1864 1470 1888 r.
1501 1853 1556 1885 13.

152 1910 299 1945 Cornix
324 1914 380 1942 est
403 1909 449 1943 ab
470 1911 578 1944 laeva
590 1923 603 1948 ;
630 1921 779 1951 corvus,
799 1922 922 1956 parra
942 1923 965 1943 a
988 1912 1176 1953 dextera3
1202 1910 1479 1955 commutent.)
1505 1914 1556 1946 in·

150 1973 505 2021 auspicatissimum.
533 1970 709 2007 Prudent.
744 1969 796 2008 11.
819 1977 902 2015 570.
928 1971 1004 2005 Cur
1034 1971 1233 2004 Cremerae
1254 1972 1404 2018 campis
1427 1973 1556 2006 corni-

148 2043 189 2065 ce
219 2031 279 2065 vel
310 2032 435 2066 oscine
455 2044 575 2076 parra
603 2043 713 2084 nemo
743 2030 875 2066 Deam
900 2031 1075 2073 monuit3
1095 2030 1290 2078 perituros
1308 2031 1445 2068 Marte
1462 2033 1555 2066 sim·-

152 2098 233 2130 stro
256 2098 313 2128 ter
333 2100 485 2129 centum
509 2094 680 2130 Fabios?
703 2112 749 2122 --
774 2095 1003 2138 recinentis,
1030 2093 1130 2145 quod
1153 2101 1261 2129 cantu
1278 2094 1368 2129 edit.
1403 2095 1445 2129 In
1459 2107 1557 2130 corn·

152 2159 276 2205 posito
311 2169 383 2190 non
413 2156 683 2203 argutandum‚
719 2157 825 2206 quasi
854 2157 923 2191 sit:
961 2163 1073 2191 cantu
1097 2155 1144 2191 ab
1171 2157 1303 2191 itinere
1324 2160 1551 2191 revocantis.

152 2235 197 2245 —
222 2229 258 2251 «ι.
281 2213 433 2261 Ducat,
471 2218 541 2252 dux
563 2221 609 2254 sit
631 2222 770 2253 itineris
787 2243 798 2262 ,
823 2226 1005 2269 quatenus
1027 2220 1163 2254 ominis
1184 2218 1299 2254 oblati
1321 2219 1359 2254 in
1375 2231 1413 2254 re
1437 2221 1553 2254 susci-

154 2282 292 2326 pienda
325 2282 420 2316 ratio
451 2279 632 2326 habetur3
673 2282 708 2317 h.
737 2278 763 2313 l.
804 2278 915 2315 docte
939 2287 993 2315 est
1016 2291 1109 2329 pro:
1137 2284 1303 2321 eveniat,
1334 2279 1482 2316 accidat
1507 2282 1552 2315 iis

154 2342 227 2377 hoc
255 2354 375 2377 omen.
401 2360 445 2369 —
481 2342 594 2376 Canis
626 2353 799 2378 occurens
819 2352 886 2389 per
911 2352 949 2377 se
972 2353 1151 2382 scaevum
1187 2341 1324 2387 (Plaut
1343 2341 1428 2378 Cas.
1446 2342 1494 2379 V.
1516 2351 1551 2381 4.

153 2417 189 2445 4.
214 2403 397 2436 caninam
414 2414 586 2438 scaevam
608 2414 716 2449 spero
739 2400 1068 2449 melioremfore)
1097 2405 1267 2440 scaevior
1282 2429 1294 2448 ‚
1320 2402 1553 2451 graviditatis

154 2473 345 2514 tempore3
383 2465 484 2516 quod
515 2467 662 2501 omnino
679 2491 690 2509 ‚
724 2466 778 2500 uti
803 2470 841 2501 et
863 2475 946 2514 post
969 2472 1137 2514 parturn,
1173 2466 1551 2515 inauspicatissimum

153 2525 346 2567 hahitum;
372 2527 469 2563 unde
483 2527 574 2576 feta
588 2528 721 2574 vulpes
738 2555 750 2570 ‚
777 2541 870 2579 quae
894 2542 1022 2566 recens
1045 2531 1150 2566 enixa
1174 2537 1254 2572 est,
1281 2543 1314 2565 v.
1336 2541 1370 2571 4.
1391 2529 1449 2564 De
1474 2539 1559 2573 (τοῖς

153 2591 236 2626 nice
271 2590 366 2625 Plin.
402 2591 451 2626 X.
487 2599 543 2626 ¹2.
576 2590 956 2639 inauspicatissima,
979 2591 1120 2639 foetus
1157 2596 1354 2638 temporem
1376 2588 1447 2624 hoc
1467 2593 1551 2629 est,

149 2657 239 2697 post
264 2652 489 2688 solstitium.
528 2653 652 2691 Etiam
677 2666 700 2691 a
723 2667 819 2694 sexu
839 2657 970 2692 ominis
994 2653 1066 2690 diri
1089 2655 1167 2692 vim
1186 2655 1393 2694 auctiorem
1404 2663 1551 2703 reprae-
