1689 3086
649 221 706 231 ...-
793 200 876 255 519
963 221 1020 229 ..-

135 328 181 340 --
201 315 272 345 aut
300 312 448 359 egregie
480 309 676 346 confusum
709 322 840 362 poetae
873 314 1041 348 animum
1071 310 1307 353 manifestat;
1343 316 1514 364 tanquam

136 373 305 409 diversae
339 376 596 410 enuntiationis
620 375 689 414 sit,
730 387 825 425 quae
858 377 1025 424 sequitur
1048 375 1254 415 sententia,
1302 387 1415 422 quum
1438 385 1519 424 per-

130 436 343 480 spicuitatis
365 447 476 471 causa
505 442 645 469 tantum
675 439 743 468 τοῖς
776 449 848 482 quo
875 435 992 468 ruitis
1016 435 1183 483 subjecta
1210 439 1269 468 sit·
1291 453 1336 463 —-
1361 446 1428 468 cur
1449 441 1516 473 ite.

126 508 204 531 rum
226 509 335 536 enses
362 497 574 544 stringitis?
613 509 676 531 cur
713 509 804 531 novo
837 496 938 532 bello
965 496 1067 531 civili
1091 493 1360 542 accingimini?
1385 515 1432 522 --
1454 510 1516 532 ep..

125 568 185 592 ses
213 557 364 592 conditi
384 572 454 593 non
482 557 667 600 παρέλκει,
701 557 896 593 εεᾶιᾶοςῖε
926 566 960 593 et
987 557 1172 603 graviter,
1200 557 1262 605 qui
1282 554 1393 590 modo
1414 557 1515 602 vagi-

121 630 168 653 na
203 620 342 654 conditi
367 624 477 663 sunt,
517 619 659 653 vixdum
691 619 794 654 [inito
828 618 930 654 bello
954 617 1069 653 civili.
1094 616 1302 655 Ultimum,
1336 615 1434 667 quod
1458 628 1516 651 re-

121 681 231 729 spicit
255 688 386 728 poeta,
413 688 490 715 erat
514 682 608 715 inter
631 680 871 715 Octavianum
893 669 1087 715 Caesarem
1112 683 1147 712 et
1169 675 1254 712 Sex.
1282 676 1513 725 Pompeium,

117 745 220 789 cujus
252 740 365 777 finem
389 753 510 790 pugna
531 742 578 776 ad
602 741 727 790 Mylas
753 744 954 776 commissa
985 737 1168 774 attulerat.
1189 755 1236 765 -
1258 749 1294 782 3.
1318 737 1513 788 Tanquam.

119 815 256 852 parum
292 803 415 838 adhuc
447 803 604 844 Latini,
631 812 772 845 nostri,
808 804 934 837 civilis
967 804 1033 844 (ut
1057 800 1108 833 11-.
1135 809 1166 836 1„
1193 800 1283 844 29.)
1303 799 1509 846 sanguinis

113 866 238 901 susum
270 868 341 907 sit,
382 875 420 898 re
453 864 625 900 Romana
653 864 781 900 multis
806 864 915 900 bellis
945 861 1120 899 civilibus
1147 866 1222 910 jam
1246 865 1332 896 satis
1357 864 1509 902 attrita;

114 932 155 960 ut
180 925 273 961 adeo
306 925 363 960 vel
394 925 463 960 hac
489 924 537 960 de
569 939 678 962 causa
705 938 726 959 a
760 938 855 961 novo
883 924 1072 960 abstinere
1094 931 1276 973 oporteat.
1300 942 1338 950 -
1357 922 1508 968 campis

116 990 232 1032 atque
255 985 430 1033 Neptuno
450 997 586 1029 super,
618 994 716 1021 terra
738 991 918 1037 marique.
943 985 998 1020 Cf.
1021 988 1171 1021 omnino
1196 984 1248 1019 ΙΙ.
1275 993 1308 1020 1.
1331 984 1506 1028 29—36.

205 1059 239 1083 v.
265 1045 344 1089 5-4·
359 1056 417 1083 1ο.
434 1047 559 1082 Armis
585 1049 849 1093 accingimini,
884 1046 1018 1098 quibus
1041 1058 1114 1082 non
1136 1050 1287 1082 exteras
1310 1047 1476 1081 nationes
1494 1070 1507 1086 ‚

109 1106 176 1144 sed
203 1113 343 1144 vosmet
364 1109 468 1157 ipsos
494 1108 680 1158 perditum
707 1109 783 1144 itis.
818 1107 962 1144 Eadem
994 1107 1090 1143 adeo
1116 1107 1322 1148 sententia,
1349 1098 1444 1156 quest?
1472 1106 1505 1143 Ι.

110 1180 148 1205 2.
171 1179 213 1204 21
229 1181 309 1220 sqq.
320 1168 394 1203 Pro
414 1168 580 1205 hostibus
605 1171 640 1205 in
665 1183 799 1218 genere
822 1168 971 1206 delecte
996 1171 1123 1218 posuit
1150 1167 1502 1213 Carthaginienses,

107 1231 334 1272 Britannos,
375 1238 411 1266 et
441 1231 624 1276 Parthos,
661 1241 753 1283 quos
789 1233 958 1270 Romano
974 1236 1111 1267 nomini
1137 1230 1401 1265 infestissimos
1430 1230 1507 1265 ele-

108 1297 238 1340 ganter
262 1292 428 1339 designat
452 1307 487 1329 ν.
510 1304 544 1339 9.
580 1292 623 1328 In
650 1308 730 1345 sqq.
755 1293 909 1330 observa
933 1294 1084 1329 divitias
1107 1301 1241 1338 poetae
1272 1293 1307 1325 in
1334 1291 1510 1326 varianda

103 1354 285 1400 perdenti
306 1359 453 1390 notione
481 1349 628 1393 effusas.
644 1375 686 1381 —
710 1365 749 1392 ut
771 1368 877 1390 arces
906 1352 1178 1399 Carthaginis,
1206 1351 1394 1398 Carthago
1419 1363 1508 1386 ure-

106 1419 238 1457 retur,
268 1416 441 1450 incendio
463 1423 684 1461 vastaretur,
719 1418 1020 1460 exscinderetur,
1048 1429 1197 1463 regnum
1221 1412 1505 1459 Carthaginien-⁴

101 1480 200 1511 sium
227 1485 475 1513 everteretur.
499 1478 687 1511 -invida
714 1479 882 1512 Romani
905 1476 1062 1522 imperii
1080 1477 1236 1508 aemula
1260 1479 1321 1517 (ut
1343 1473 1501 1509 Sallust.

102 1538 182 1574 Cat.
209 1539 324 1583 10·)‚
363 1538 408 1575 de
428 1539 645 1588 principatu
679 1538 902 1572 contendens
926 1549 1008 1572 cum
1033 1536 1176 1577 Roma,
1204 1534 1339 1567 infesta
1361 1535 1503 1570 Roma-

102 1602 174 1633 nis.
215 1598 299 1643 Quo
338 1599 473 1635 eodem
499 1600 729 1644 arrogantiae
757 1611 866 1633 sensu
898 1609 1002 1631 arces
1038 1599 1119 1643 ejus
1145 1593 1329 1639 superbae
1354 1595 1500 1639 dictae,

99 1659 312 1694 Romanum
335 1665 465 1707 jugum
487 1659 734 1703 dedignantes
751 1683 760 1696 .
784 1656 930 1707 sibique
951 1658 1150 1704 imperium
1172 1654 1401 1691 adserentes.
1425 1656 1500 1692 Pro

101 1721 234 1771 quovis
258 1727 378 1754 autem
400 1720 560 1765 graviori
582 1719 688 1753 hoste
715 1717 1045 1763 Carthaginienses„
1067 1717 1112 1751 ad
1138 1722 1262 1766 partes
1283 1719 1407 1752 vocari
1429 1731 1500 1767 pu·

99 1780 201 1815 tandi
235 1794 254 1815 a
280 1785 418 1829 poeta,
451 1778 756 1830 quandoquidem
781 1777 922 1814 nullum
949 1777 1206 1828 capitaliorem
1237 1778 1381 1814 hostem
1406 1780 1498 1815 olim

102 1849 255 1891 experta
281 1847 378 1876 esset
410 1840 648 1891 respublica,
687 1844 788 1889 cujus
824 1840 921 1876 adeo
945 1840 1036 1876 belli
1063 1841 1283 1876 internecini
1306 1842 1500 1879 memoria

99 1902 277 1937 Romanis
310 1904 427 1936 inusta
463 1907 573 1939 esset.
617 1904 713 1937 Nam
751 1901 870 1937 inulto
903 1910 990 1951 post
1029 1913 1199 1937 eversam
1229 1901 1498 1949 Carthaginem

96 1962 199 1999 bella
229 1964 357 1998 civilia
391 1965 578 1999 exarsisse
597 1989 607 2005 ,
640 1963 879 2013 Africamque
917 1964 1074 2010 Augusti
1102 1968 1327 2011 tempestate
1352 1964 1387 1996 in
1413 1975 1496 2011 pro-

98 2025 241 2059 vinciae
268 2023 429 2059 formam
453 2023 641 2059 redactam
664 2032 699 2060 et
724 2030 760 2059 in
785 2022 935 2059 colonos
959 2023 1114 2058 divisam
1134 2023 1272 2067 fuisse,
1299 2025 1386 2058 satis
1410 2035 1498 2070 conzf

96 2093 180 2120 stat.
199 2105 245 2112 —
263 2097 295 2127 7.
328 2093 360 2124 8.
386 2085 459 2121 Aut
482 2093 520 2120 ut
541 2086 710 2120 Britanni
730 2086 1070 2134 perdomarentur,
1105 2086 1151 2121 de
1179 2087 1226 2120 iis
1250 2086 1496 2135 triumphare-

98 2153 168 2183 tur.
206 2145 417 2193 Adgressus
441 2146 591 2198 quidem
615 2146 735 2182 fuerat
760 2145 831 2182 Iul.
860 2145 994 2182 Caesar
1019 2147 1240 2189 Britannos,
1267 2151 1411 2193 ignotos
1431 2159 1497 2185 ana*

99 2216 188 2248 tea,
225 2209 478 2258 superatisque
512 2208 692 2256 pecunias
721 2215 756 2242 et
780 2205 931 2242 obsides
955 2208 1175 2257 imperavit,
1209 2209 1310 2250 juxta
1336 2207 1492 2246 sueton.

99 2281 132 2303 c.
158 2267 294 2304 XXV.‚·
332 2269 497 2316 speciem
519 2276 642 2303 tamen
664 2269 811 2315 magis,
838 2280 950 2318 quam
978 2281 1101 2304 veram
1124 2266 1355 2305 deditionem
1380 2281 1497 2318 prae.

98 2331 190 2364 stitit
207 2331 274 2363 ista
299 2327 502 2374 expeditio.
526 2328 642 2364 Recte
663 2327 759 2364 adeo
783 2327 978 2378 infactus,
1003 2328 1106 2365 helio
1131 2329 1284 2381 quidem
1312 2338 1490 2374 tentatus,

99 2390 254 2425 necdum
291 2398 410 2424 tamen
433 2391 554 2428 victus
580 2403 623 2426 ac
657 2389 902 2439 perdomitus.
925 2408 970 2418 —
990 2389 1228 2438 descenderet
1253 2390 1371 2426 Sacra
1392 2391 1457 2427 via
1474 2418 1489 2436 ,

90 2453 134 2485 iu
155 2450 340 2499 triumpho
361 2440 643 2503 ducereturper
665 2463 807 2488 sacram
823 2453 936 2496 viam,
957 2450 1024 2488 sed
1037 2453 1197 2487 alterum
1219 2456 1374 2502 signate,
1400 2467 1487 2490 nam

100 2510 159 2545 ubi
186 2524 317 2561 pompa
333 2512 571 2562 triumphatis
597 2513 745 2549 Clivum
784 2513 1034 2563 Capitolinum
1060 2514 1333 2559 adscenderet,
1366 2520 1493 2557 trium·

102 2574 198 2622 phati
235 2577 272 2608 in
298 2587 482 2612 carcerem
503 2575 805 2618 deducebantur,
838 2573 889 2610 ibi
920 2574 1087 2611 necandi.
1124 2577 1222 2612 Rem
1249 2577 1398 2625 expedit
1425 2576 1488 2611 Ci-

102 2638 247 2673 ecronis
280 2636 406 2680 locus,
441 2648 467 2672 a
493 2637 601 2674 Torr.
627 2645 665 2674 et
688 2637 804 2673 Gesn.
833 2638 906 2683 jam
936 2636 985 2672 ad
1010 2645 1132 2686 partes
1162 2642 1339 2680 vocatus,
1376 2637 1488 2675 Verr-
