1689 3086
667 206 726 217 --
813 189 896 239 503
989 204 1040 216 .-

143 303 219 332 tum
243 293 329 332 inde
351 295 589 345 proverbium
611 295 975 344 ἔχίνουζτραχότερος,
1000 297 1045 334 de
1068 311 1138 350 quo
1163 298 1226 335 adi
1248 298 1394 335 Erasm.
1416 298 1539 348 Adag.

133 371 173 408 p·
198 369 281 404 474.
308 377 353 385 —-
382 358 485 405 Aper
522 368 679 392 currens
697 384 707 398 ,
737 369 759 389 a
794 358 949 393 canibus
975 358 1130 396 latibulo
1154 363 1389 408 exagitatus,
1425 370 1541 413 atque

135 425 174 456 in
196 429 388 457 venatores
417 419 586 468 objectos
607 418 916 472 subsidentesque
947 422 1137 456 incurrens
1154 448 1165 464 ,
1202 421 1294 458 Stat.
1319 423 1440 459 Theb.
1469 425 1540 460 XI.

131 490 217 527 530.
240 483 475 529 {fulmineos
504 482 626 517 veluti
654 492 837 528 praeceps
871 493 990 528 quum
1027 483 1198 517 cominus
1229 484 1304 530 egit
1337 484 1397 518 ira
1427 498 1540 528 sues,

131 545 357 593 strictisque
382 544 511 580 erexit
527 549 688 590 pectora
709 543 827 578 saetis
850 553 923 580 cet.
947 543 1016 579 Sil.
1041 541 1127 579 Ital,
1151 542 1183 576 I·
1207 545 1289 588 421-
1312 545 1540 582 Fulmineus

129 616 198 640 ceu
218 605 424 651 Spartanis
447 603 656 640 latratibus
678 609 786 639 aetus
805 631 813 646 ,
840 616 958 650 quum
985 604 1126 639 silvam
1146 616 1305 640 occursu
1326 614 1538 643 venantum

129 667 298 709 perdidit
320 696 332 713 ,
389 667 493 702 hirto
527 666 718 702 horrescit
764 668 881 702 saetis
919 671 1029 713 tergo
1067 672 1106 702 et
1134 674 1336 715 postrema
1373 671 1541 716 capessit

127 732 290 778 proelia.

224 806 258 827 v.
284 801 339 836 29.
364 794 461 840 Veia
490 792 656 829 scrobem
679 791 774 827 fodit
798 817 808 834 ,
845 793 907 827 eui
943 803 1032 842 puer
1067 791 1228 827 indatur.
1266 791 1415 827 Abanta
1430 794 1542 829 nulla

131 856 388 898 conscientia,
416 861 556 892 tantum
577 853 720 894 abfuit,
750 863 787 891 ut
815 853 861 890 ab
883 867 996 904 opere
1020 862 1096 889 tam
1120 855 1348 899 inhumano,
1385 857 1543 893 sceleris

132 916 192 951 cui
215 915 316 951 illam
330 924 500 966 pararet,
531 917 760 952 conscientia
783 913 1080 960 absterreretur,
1104 924 1141 950 ut
1165 918 1286 966 potius
1309 918 1540 965 ingemeret,

131 977 326 1014 insudaret
348 977 492 1019 labori,
533 978 688 1013 summis
717 975 856 1012 viribus
874 976 922 1011 ad
944 977 1197 1012 maturandum
1224 991 1317 1028 opus
1346 980 1543 1017 incumbe-

129 1048 211 1081 ret,
248 1042 407 1088 impigre
431 1043 463 1074 ei
502 1049 586 1082 ses-e
617 1038 841 1084 accingeret.
872 1037 984 1072 Forte
1009 1046 1131 1073 tamen
1153 1041 1338 1086 posterius
1360 1041 1544 1090 simplici-

126 1106 185 1137 ter
210 1100 258 1136 de
281 1100 373 1136 duro
395 1100 524 1136 labore
540 1099 802 1149 accipiendum
817 1125 828 1142 ‚
862 1100 921 1134 cui
945 1098 1091 1135 vetulae
1116 1100 1220 1134 istius
1243 1103 1340 1136 vires
1359 1100 1543 1137 haudsuf-
1590 1110 1596 1115 “

125 1160 293 1198 ficerent.
331 1162 514 1201 Similiter
542 1161 741 1207 ingemere
776 1161 910 1208 agris,
945 1158 1157 1224 illaborare
1191 1161 1389 1208 domibus,
1426 1164 1540 1199 Taci-

126 1230 187 1259 tus
208 1226 336 1259 Germ.
363 1225 424 1265 46.
446 1232 540 1260 extr·
562 1240 610 1250 -—
634 1223 700 1269 lig.
736 1222 845 1256 duris
880 1224 1038 1258 naturali
1067 1224 1158 1260 ferri
1181 1226 1372 1271 epitheto,
1410 1230 1451 1260 ut
1476 1223 1538 1258 bi-

120 1297 266 1331 ponnes
291 1284 410 1320 durae
429 1284 494 1320 lv.
524 1285 562 1330 4.
585 1295 643 1331 57.
680 1293 716 1321 et
738 1287 888 1335 passim.
923 1285 1024 1320 Mire
1050 1293 1263 1334 argutantur
1288 1287 1538 1338 intpp—32.

123 1349 207 1394 Quo
233 1348 476 1385 defoderetur
498 1359 619 1398 puer,
655 1353 694 1382 ut
724 1346 837 1394 dapis
859 1347 914 1382 his
951 1353 1084 1395 terque
1108 1355 1285 1384 mutatae
1316 1350 1540 1395 spectaculo
1567 1372 1579 1384 ι.

123 1410 290 1446 inemori
310 1406 443 1452 posset
458 1437 468 1453 ,
511 1410 551 1446 h.
575 1417 614 1444 ut
641 1408 773 1456 dapum
806 1412 1202 1461 exquisitissimarum,
1253 1425 1346 1464 quae
1369 1411 1540 1462 adpone·

124 1480 275 1515 rentur,
312 1485 356 1508 ac
377 1485 445 1521 per
467 1479 682 1516 momenta,
718 1471 908 1507 acuendae
930 1471 1144 1522 cupiditatis
1168 1477 1248 1522 ejus
1277 1487 1412 1518 causa,
1447 1488 1538 1510 cum.

121 1534 207 1570 aliis
238 1539 560 1585 pernumerentur,
597 1533 788 1569 desiderio
809 1531 912 1569 lente
938 1534 1219 1578 conficeretur}
1244 1538 1536 1587 miserrimaque

119 1603 241 1631 morte
263 1597 415 1645 periret.
451 1593 626 1641 Inemori
658 1594 876 1639 spectaculo
908 1593 1046 1648 dapis?
1083 1598 1236 1634 ἐνθανεῗν
1263 1594 1307 1640 τῇ
1331 1595 1436 1639 ἔφη,
1463 1610 1534 1647 pro

117 1657 215 1692 mori
230 1656 360 1705 defixis
385 1658 421 1690 in
443 1656 560 1705 dapes
583 1655 702 1691 oculis
718 1681 729 1697 ‚
757 1656 965 1702 speotando
994 1657 1114 1708 dapes
1139 1662 1299 1698 enecari.
1319 1678 1365 1687 —
1383 1664 1532 1706 posset,

118 1719 235 1753 otiosa
262 1717 488 1763 περιφράσει,
518 1721 558 1752 ut
590 1719 824 1766 saepissime.
850 1736 896 1745 —
931 1718 995 1752 die
1023 1720 1168 1767 longo,
1201 1723 1263 1773 qui
1287 1734 1404 1772 puero
1429 1721 1530 1758 farno

115 1781 332 1815 excruciato
355 1778 594 1824 longissimus
615 1779 839 1823 videbatur3
878 1785 915 1816 ut
942 1780 972 1818 I.
998 1788 1055 1822 ²5·
1082 1793 1116 1822 7.
1142 1783 1360 1819 Contortior
1382 1786 1530 1832 junctu-

113 1854 156 1878 ra
178 1840 304 1878 foret:
342 1842 458 1887 longo
483 1842 711 1887 spectaculo.
735 1862 772 1868 ·—
792 1851 848 1885 35.
875 1843 1121 1889 promineret
1142 1856 1208 1878 ore
1224 1872 1233 1887 ,
1265 1852 1427 1881 exstaret
1454 1854 1529 1882 ter-

117 1917 179 1948 ra,
206 1911 330 1939 mento
353 1912 481 1945 tenus3
518 1917 586 1953 pro
611 1905 685 1940 hoe
716 1906 884 1940 ornatius
903 1913 1039 1951 poeta:
1079 1911 1269 1952 quantum
1286 1918 1446 1954 corpora
1470 1921 1533 1943 na-

116 1966 272 1999 tantium
294 1977 394 2012 aqua
421 1970 583 2001 exstant
597 1970 726 2000 mento
761 1977 972 2012 suspensa,
1005 1967 1151 2003 elevate
1168 1993 1180 2011 ‚
1207 1981 1350 2005 sursum
1378 1979 1529 2018 erecta.;

115 2026 187 2062 sed
212 2027 371 2062 alterum
396 2026 510 2076 plane
533 2040 582 2063 ex
605 2027 799 2064 oculorum
823 2041 946 2064 sensu.
988 2029 1231 2065 Hebeuorem
1253 2036 1378 2068 temen
1404 2034 1525 2068 visum

113 2088 280 2140 prodidit
310 2088 447 2134 scalig.
480 2089 699 2140 Hypercrit.
736 2105 774 2141 p.
802 2092 884 2137 342.
913 2090 1119 2138 patibulum
1153 2086 1522 2142 Circumspiciendo,

112 2163 224 2202 quum
247 2150 294 2186 de
317 2153 466 2200 poetica
489 2153 637 2187 ratione
672 2152 926 2204 quaerendum
947 2153 1148 2190 suisset.-
1171 2154 1232 2195 37.
1256 2162 1316 2197 38.
1342 2157 1523 2193 Breviter

112 2223 207 2262 pro,
253 2219 293 2247 ut
325 2211 490 2248 medulla
527 2219 569 2250 et
593 2215 698 2262 jecur
731 2225 993 2261 exsugererur,
1031 2217 1202 2260 arefieret
1233 2216 1335 2254 fame
1366 2231 1410 2254 ac
1432 2220 1529 2262 siti,

110 2276 240 2325 sicque
264 2272 506 2323 temperando
541 2277 679 2311 amoris
711 2275 848 2325 poculo
879 2276 1015 2313 idonea
1038 2287 1175 2315 essent.
1209 2277 1388 2315 Medulla
1410 2292 1525 2315 exsu-

109 2341 192 2380 cta,
232 2335 440 2378 retorrida,
479 2341 691 2380 exsiccata,
727 2350 837 2374 succo
865 2353 932 2389 per
957 2339 1079 2377 famen
1118 2340 1311 2378 subducto.
1357 2342 1525 2378 Amoris

106 2398 315 2445 poculum,
354 2400 520 2445 φίλτρον,
546 2401 649 2449 potio
669 2412 836 2435 amorem
865 2403 1036 2450 injiciens
1064 2402 1195 2444 alteri3
1233 2404 1400 2454 paranda
1429 2405 1468 2441 h.
1493 2406 1522 2442 l.

108 2476 128 2497 e
151 2459 319 2496 medulla
352 2468 389 2495 et
422 2462 611 2509 jecinore,
659 2466 839 2513 tanquam
874 2467 1009 2501 amoris
1031 2464 1136 2503 sede.
1166 2465 1255 2501 vid.
1279 2466 1329 2502 ad
1355 2469 1378 2500 1.
1401 2478 1457 2510 13.
1485 2476 1520 2508 4.

108 2522 298 2564 Arefactjs
320 2530 444 2559 autem
460 2549 471 2565 ,
499 2523 613 2575 idque
644 2537 663 2560 e
686 2524 800 2572 longo
830 2524 1048 2568 desiderio.
1085 2540 1177 2577 opus
1200 2534 1302 2570 erat,
1330 2536 1368 2563 ut
1390 2527 1487 2564 alter
1504 2554 1518 2570 ‚

108 2587 170 2633 qui
194 2591 407 2634 peteretur,
441 2585 617 2622 similiter
648 2597 780 2621 amore
815 2595 1105 2626 consumeretur.
1139 2589 1253 2639 Apud
1275 2589 1439 2626 Theocr.
1465 2590 1517 2625 1-1.

106 2650 164 2684 :78-
197 2644 336 2684 lacerta
372 2647 627 2694 ξηρανθεῖσαι(
646 2656 683 2685 ut
707 2646 836 2687 Schol.
855 2648 989 2695 notat)
1018 2663 1176 2703 cumque
1213 2650 1334 2687 farina
1359 2654 1518 2688 contrita
