1737 3054
691 190 1068 236 -268—

180 295 266 327 tiori
301 295 471 341 junctura
491 305 571 341 est,
603 297 797 346 Tyrrhena
815 314 950 349 regum
966 300 1195 348 progeniem
1229 314 1299 351 qna
1325 297 1452 333 eadem
1471 298 1573 336 idem

181 355 377 405 Propertio
413 357 495 393 loco
527 372 609 395 mox
632 357 852 398 adducendo
877 362 1065 395 Etruscus
1093 360 1249 405 sanguis
1283 371 1445 405 regum,
1487 374 1576 411 pro,

180 419 416 454 lunae-orum
451 432 577 468 regum
610 435 663 466 s.,
694 420 823 464 audit)
855 424 970 467 stirpe
1001 421 1196 456 oriundum
1220 421 1432 470 praedivat,
1467 435 1577 473 quem

179 480 250 515 hac
282 493 346 516 sua
375 483 518 526 origine
553 481 624 517 sibi
649 481 852 517 admodum
882 482 1034 531 placere
1070 487 1245 532 tantoque
1278 487 1453 530 majorem
1493 482 1578 518 inde

179 545 434 579 continentiae
457 543 604 579 laudem
631 551 785 593 captare
811 542 1059 588 intelligeret,
1085 545 1209 592 quod,
1244 532 1353 596 quum
1379 557 1519 579 summa
1543 547 1579 579 in

180 617 261 653 τη).
286 607 460 656 consequi
485 607 688 653 potuisset,
722 606 883 654 equestri
906 603 1088 649 dignitate
1109 616 1299 642 contentus
1321 612 1433 641 esset.
1472 605 1580 640 Idem

177 667 381 715 quaesitum
418 667 643 700 lenocinium
677 667 729 707 in,
750 666 925 714 Propert.
956 665 1024 699 111.
1062 678 1097 706 7.
1132 676 1162 700 1.
1202 667 1408 701 Maecenas
1437 677 1574 712 eques,

178 730 345 762 Etrusco
365 727 410 760 de
421 726 608 771 sanguine
619 736 753 769 regum
768 751 778 767 ,
802 726 908 758 intra
918 727 1120 770 fortunam
1138 727 1202 772 qui
1223 727 1334 768 cupis
1353 738 1431 760 esse
1444 733 1550 761 tuam
1566 738 1577 762 ;

180 789 268 824 coll.
297 802 352 823 vv.
379 797 420 822 21
446 804 489 813 —
514 790 571 825 30.
603 787 660 820 De
684 787 785 832 regia
805 786 1034 822 Maecenatis
1062 796 1177 834 stirpe
1202 788 1275 822 vid.
1301 788 1348 823 ad
1374 788 1465 825 Ῑ.ἰ.
1486 801 1517 821 ι.
1543 792 1579 822 et

178 852 300 898 intpp.
332 848 380 881 ad
401 847 512 896 Prop.
534 846 603 880 1.1.
627 865 672 873 —
693 846 766 880 tibi
797 853 855 881 est
877 848 981 892 apud
1003 859 1088 892 me,
1123 851 1160 882 in
1189 857 1292 883 tuum
1318 862 1422 884 usum
1448 854 1578 898 parata

178 924 197 944 a
226 923 283 945 me
311 917 417 952 sunt,
446 909 629 944 destinata
648 908 715 943 tibi
739 917 838 945 sunt.
877 909 966 942 Iam
991 907 1163 953 dudum,
1202 925 1275 946 non
1301 910 1400 961 quod
1426 911 1491 946 diu
1507 913 1579 945 ista

178 972 283 1007 domi
318 985 407 1007 suae
434 970 644 1006 Maecenati
666 972 893 1014 servaverit,
933 985 1025 1022 quae
1051 971 1249 1007 admodum
1271 974 1395 1019 jejuna
1422 974 1514 1007 ratio
1528 972 1584 1007 so·

179 1042 256 1074 ret,
294 1032 362 1069 sed
392 1034 547 1068 omnino
576 1033 869 1081 impatientiam,
914 1044 990 1083 qua
1025 1033 1190 1066 amicum
1228 1041 1417 1082 exspectat
1444 1041 1584 1083 poeta,

179 1099 326 1142 egregie
360 1094 540 1129 declarat.
561 1112 605 1120 —-
632 1100 654 1131 2
673 1112 711 1119 ——
736 1101 773 1132 4.
808 1092 912 1128 Idem
940 1093 1137 1128 exordium
1165 1095 1202 1128 in
1228 1094 1342 1128 simili
1365 1101 1582 1141 argumento

178 1171 261 1192 cum
283 1157 413 1192 eadem
435 1153 638 1191 convivalis
663 1153 860 1204 adparatus
879 1158 1154 1191 enumeratione
1178 1163 1232 1191 est
1253 1156 1318 1193 IV.
1345 1165 1398 1190 11.
1423 1155 1583 1189 Merum

178 1219 279 1262 lene,
308 1217 416 1265 πρᾷον
432 1245 442 1261 ,
469 1224 649 1253 vetustate
672 1216 901 1258 emollitum,
941 1217 1060 1252 lenius
1088 1215 1256 1261 factum,
1284 1219 1342 1263 (ut
1367 1217 1482 1250 molle
1504 1229 1580 1250 me.

177 1293 266 1316 rum
289 1280 320 1316 I.
343 1292 375 1322 7.
399 1280 487 1324 19.)
532 1276 744 1324 languidum
783 1277 888 1319 (111.
909 1289 966 1314 21.
993 1280 1052 1320 8.)
1079 1290 1257 1314 annosum
1274 1304 1285 1320 ‚
1312 1278 1423 1329 idque
1455 1291 1578 1314 serva·

179 1353 255 1380 tum
287 1345 324 1378 in
358 1341 449 1376 cado
473 1353 550 1374 non
581 1345 669 1374 unte
687 1350 791 1373 verso
809 1365 817 1379 ‚
860 1343 922 1390 qui
956 1348 1040 1375 ante
1069 1341 1165 1376 hunc
1191 1340 1294 1375 diem
1318 1351 1392 1374 non
1417 1341 1582 1375 inversus

182 1413 258 1443 est,
295 1408 463 1447 integro,
505 1405 640 1438 intacto
675 1400 809 1436 adhue.
849 1401 913 1436 Est
937 1401 1030 1436 adeo
1054 1413 1148 1450 pro:
1175 1402 1287 1436 cadus
1310 1401 1386 1436 vini
1413 1402 1584 1435 vetustin-

180 1470 293 1511 simi,
313 1454 433 1502 adhuc
459 1459 613 1513 plenus,
652 1464 720 1499 tibi
744 1463 844 1514 apud
874 1477 931 1498 me
972 1468 1050 1504 est;
1075 1461 1154 1498 fere
1177 1470 1214 1499 ut
1238 1463 1302 1497 1V.
1328 1473 1384 1497 11.
1409 1464 1490 1496 init.
1510 1460 1586 1494 Est

183 1530 283 1565 mihi
305 1539 450 1563 nonum
474 1538 558 1574 sup.
582 1537 726 1561 annum
745 1526 883 1570 plenus
903 1523 1051 1559 Albam·
1066 1526 1195 1559 cadust
1209 1524 1337 1560 Paullo
1356 1523 1585 1573 adparatius‚

181 1592 410 1642 hilariusque
448 1590 657 1625 convivium
694 1586 906 1622 Maecenati
939 1589 987 1621 ita
1015 1587 1251 1628 denuntiari,
1287 1587 1324 1619 in
1356 1591 1502 1635 promtu
1530 1590 1588 1621 est

181 1655 323 1690 videre.
349 1651 494 1688 Eodem
513 1656 678 1700 spectant
700 1663 785 1701 sqq.
815 1647 1043 1683 Vertebatur
1071 1654 1199 1683 autem
1240 1647 1374 1689 cadus,
1415 1647 1502 1682 dum
1537 1647 1588 1682 vi·

181 1731 267 1752 num
292 1715 375 1750 inde
400 1711 653 1750 effundebatur
678 1711 814 1756 (Plaut.
839 1712 955 1746 Stich.
979 1711 1024 1745 V.
1049 1722 1086 1752 4.
1109 1720 1170 1755 32.
1199 1709 1373 1756 quamvis
1407 1707 1581 1742 desubito

183 1777 246 1813 vel
273 1776 388 1811 cadus
418 1777 517 1810 verti
545 1780 690 1822 potest.
717 1774 774 1809 Cf.
806 1773 915 1809 Nost.
940 1773 1061 1809 Serm.
1085 1773 1132 1807 11.
1158 1780 1188 1811 8.
1216 1772 1305 1817 39.)
1332 1771 1504 1822 idemque
1532 1773 1588 1806 in·

182 1853 316 1875 versus
336 1838 565 1874 statuebatur
591 1836 736 1884 (capite
764 1835 925 1870 sistebas
948 1835 1086 1869 cadum
1112 1834 1214 1870 idem
1248 1833 1366 1868 Plaut.
1402 1833 1488 1868 Mil.
1516 1833 1586 1867 ΙΙΙ.

181 1912 217 1939 2.
245 1902 336 1946 36.)
365 1902 447 1936 vino
473 1901 665 1936 exhausto.
689 1899 728 1934 Si
752 1898 883 1934 cadum
908 1911 980 1932 non
1001 1902 1084 1932 ante
1107 1908 1253 1932 versum
1280 1895 1504 1945 simpliciter
1534 1897 1586 1930 in-

183 1965 426 2014 terpreteris,
461 1967 674 2004 recentem,
710 1961 771 1997 cui
803 1961 969 2010 primum
1005 1963 1127 1994 vinum
1165 1958 1327 1994 infusum
1351 1960 1424 2000 sit,
1461 1960 1586 1994 nescio

181 2040 296 2078 quam
325 2029 442 2073 gravis
469 2026 539 2067 sit,
566 2037 661 2075 quae
689 2026 773 2057 vino
799 2020 886 2056 inde
908 2019 1080 2063 aceedit,
1107 2020 1404 2064 commendatio,
1441 2029 1476 2057 et
1498 2021 1587 2057 alte-

184 2102 263 2124 rum
288 2091 414 2138 aptius
440 2088 570 2138 utique
601 2084 768 2121 liberiori
800 2083 1080 2132 compotationi.
1115 2101 1161 2108 —
1185 2094 1220 2125 3.
1244 2081 1352 2129 flore
1387 2093 1585 2124 rosarum,

186 2151 291 2199 ῥ”δων
316 2148 437 2187 oiw'ron
457 2154 514 2193 (ut
538 2148 690 2185 callim.
710 2162 770 2197 ep.
795 2147 838 2184 L.
861 2147 927 2191 3-)
954 2149 1059 2181 rosis·
1084 2163 1131 2171 —
1156 2154 1189 2183 4.
1213 2143 1395 2185 balanus,
1417 2158 1483 2181 seu
1508 2155 1589 2194 my-

187 2213 391 2250 robolanus
420 2213 459 2258 (ή
486 2209 550 2246 τῧν
582 2208 756 2258 μυρεψῶν
775 2209 928 2252 βάλανος
953 2207 1096 2244 Aelian.
1124 2208 1168 2242 X.
1201 2210 1279 2249 11.)
1317 2207 1444 2254 glans,
1481 2221 1500 2244 e
1533 2219 1593 2243 cu-

187 2282 247 2328 jus
273 2277 404 2311 nucleo
430 2275 559 2310 oleum
583 2270 879 2322 exprimebatur,
901 2274 1008 2318 cujus
1032 2269 1077 2305 ad
1100 2271 1370 2318 pretiosissima
1403 2274 1589 2317 unguenta

187 2351 275 2374 neus
303 2344 393 2373 erat.
418 2336 477 2371 Cf.
510 2334 720 2371 Dioscorid.
755 2334 822 2369 111.
858 2346 886 2367 c.
923 2342 1001 2374 154.
1030 2333 1083 2367 De
1108 2331 1218 2366 natali
1244 2330 1385 2368 arboris
1407 2333 1485 2367 solo
1516 2336 1590 2379 agit

186 2400 283 2435 Plin.
305 2399 389 2435 X11.
419 2409 476 2435 αι.
500 2417 546 2424 —
568 2407 700 2435 pressa
723 2395 800 2430 tuis
827 2394 979 2442 capillis
992 2393 1114 2430 oleum
1131 2393 1332 2430 ebalanino
1348 2407 1586 2444 expressum,

192 2463 342 2496 omnino
369 2472 438 2510 pro
462 2465 649 2506 unguento
670 2456 865 2499 balanino,
891 2471 962 2508 quo
986 2460 1106 2493 exinea
1136 2465 1216 2493 tuos
1238 2457 1462 2507 perfundas,
1484 2455 1592 2490 inun-

191 2535 278 2571 gas»,
303 2535 369 2573 pro
400 2522 521 2562 tenui,
551 2519 633 2564 tibi,
656 2522 692 2554 in
716 2526 815 2556 tuum
841 2533 962 2556 usum.

284 2598 317 2623 v.
341 2591 374 2625 5.
409 2584 524 2632 Eripe
541 2590 577 2619 te
599 2595 733 2620 morae
758 2598 825 2620 non
849 2583 1070 2633 simpliciter
1096 2587 1175 2623 est,
1202 2592 1331 2616 amove
1355 2592 1374 2615 a
1405 2586 1459 2621 te,
1488 2577 1591 2628 pelle

192 2663 339 2693 moras·⁷
379 2648 539 2693 fentina;
574 2646 643 2687 sed
679 2646 733 2683 uti
765 2659 871 2698 seqq.
907 2645 1084 2691 suadent,
1113 2642 1254 2695 expedi
1277 2651 1313 2680 te
1337 2646 1406 2685 iis,
1427 2653 1523 2693 quae
1551 2647 1588 2676 te
