1689 3086
696 207 1079 262 ...434....

182 325 351 363 Lucrino
371 324 580 367 arcessita,
604 336 695 376 prae
723 325 861 361 ceteris
883 322 1020 375 cupide
1041 321 1237 372 expetita,
1259 326 1369 371 atque
1393 317 1524 369 optimi
1538 328 1601 353 sn-

178 390 281 440 poris
317 387 467 430 habita,
502 386 627 435 judice
662 388 794 435 Sergio
823 388 938 424 Orata
968 386 1067 437 apud
1092 386 1191 423 Plin.
1228 386 1272 423 H.
1305 384 1353 419 N.
1375 382 1447 418 IX.
1477 396 1509 420 e.
1534 392 1598 428 79·

185 449 390 484 Rhombus
422 463 441 484 e
468 448 716 485 nobilioribus
741 448 932 499 piscibus,
968 461 988 484 a
1021 447 1284 497 magnitudine
1315 450 1475 482 maxime
1498 455 1603 480 com·

182 512 402 549 menclatus.
440 510 499 546 Cf·
541 509 666 548 Serm.
697 509 728 548 I.
753 522 786 549 2
816 513 895 549 116.
927 510 1061 548 Juven.
1098 512 1165 548 XI.
1204 520 1282 546 121.
1311 512 1346 545 A
1386 505 1601 545 Columella

184 590 333 628 quoque
369 578 465 609 inter
498 587 559 609 eos
595 575 719 623 pisces
744 571 926 613 refertur,
955 583 1121 619 quorum
1138 571 1270 618 pretia
1291 569 1471 605 maxime
1494 567 1602 614 vige·

181 645 295 681 rent,
332 637 378 674 L.
418 633 528 671 v111.
567 645 622 678 ¹7·
646 645 681 678 9.
714 633 832 667 Scaro
869 642 994 670 autem
1018 634 1289 680 principatum
1321 630 1602 679 datumfuisse

184 700 297 735 tradit
322 698 421 735 Ptin.
459 697 504 732 H·
520 697 568 733 N.
590 696 655 730 XI.
682 706 735 739 17.
772 693 1031 738 οέπαλόσοιρκος
1069 697 1124 730 καὶ
1147 693 1279 737 Ὑλυκῦς
1301 695 1403 730 audit
1436 691 1600 743 Diphilo

181 759 285 809 apud
315 759 452 793 Athen.
474 755 581 792 VIII.
606 772 644 808 p.
670 762 752 800 355.
777 756 819 792 C.
850 754 1072 790 Visceribus
1100 760 1256 791 maxime
1281 755 1426 790 bonum
1450 752 1602 804 praedi·

186 831 245 858 cat
270 819 434 856 Martial.
459 817 569 854 XIII·
603 819 664 864 84.
692 819 852 864 χειμών,
891 823 1095 867 tempestas
1112 845 1123 862 ,
1148 818 1353 860 intonata,
1382 831 1477 853 nove
1505 829 1602 865 pro,

182 897 280 934 quae
314 895 398 918 cum
424 881 568 929 fragore
592 883 740 918 incussa
756 908 766 926 ‚
806 884 978 927 immissa
994 889 1048 917 est
1066 908 1077 922 ‚
1115 880 1284 917 incubuit
1302 876 1604 927 Eoisfluctibus

187 948 283 981 mari
303 944 407 979 Eoo:
435 956 532 995 quae
553 945 590 980 in
616 958 660 980 eo
685 942 817 981 fluctus
844 948 980 980 excitat
999 971 1010 987 ,
1037 957 1121 980 cum
1154 942 1291 978 iisdem
1315 940 1528 992 propellat,
1564 947 1604 976 et

186 1007 241 1040 ad
262 1006 332 1040 hoc
357 1014 530 1042 nostrum
562 1018 669 1042 mare
689 1011 839 1050 vertat,
866 1013 971 1052 agatz
998 1007 1027 1040 si
1053 1007 1117 1057 qui
1137 1004 1234 1041 sorte
1259 1005 1371 1039 maris
1387 1029 1397 1046 ‚
1426 1005 1531 1050 cujus
1552 1003 1608 1036 in-

183 1068 344 1114 digenae
368 1073 478 1109 sunt,
511 1067 801 1116 tempestatibus
827 1068 902 1102 acti
925 1067 973 1102 ad
997 1067 1063 1102 has
1094 1079 1177 1103 oras
1203 1065 1431 1102 deferantur.
1469 1062 1610 1098 Maxi.

185 1142 251 1166 me
271 1129 574 1178 frequentatum
612 1142 698 1165 curn
731 1131 836 1164 mari
870 1129 1083 1177 Carpathio
1119 1128 1247 1170 (unde
1277 1127 1434 1163 ultimis
1458 1126 1505 1162 ab
1528 1126 1607 1160 oris

189 1197 386 1226 attractus
417 1191 520 1226 audit
551 1191 704 1230 Petron.
742 1205 777 1228 c·
799 1195 907 1237 93.),
942 1205 1062 1239 neque
1099 1191 1416 1238 promontorium
1446 1187 1608 1224 Troadis

185 1254 338 1289 ‚Lecton
358 1257 497 1296 sponte
524 1266 698 1301 unquam
719 1256 774 1296 (h.
800 1258 945 1291 nonnisi
960 1264 1184 1304 tempestate
1204 1253 1457 1302 compulsum)
1486 1256 1611 1285 trans-

189 1316 248 1349 ire
271 1314 384 1350 tradit
404 1313 499 1349 Ptin.
522 1314 589 1352 IX.
622 1325 678 1360 17.
713 1316 824 1351 Adde
850 1317 996 1351 Colum.
1023 1316 1127 1351 Vllt.
1155 1319 1209 1353 16.
1227 1326 1262 1361 9.
1287 1319 1349 1367 qui
1374 1313 1498 1349 totius
1519 1312 1616 1347 Asi·

191 1390 239 1412 ae
277 1376 515 1422 Graciaeque
547 1376 731 1412 litoribus
765 1378 904 1412 Sicilia
938 1384 1050 1412 tenus
1076 1376 1449 1426 frequentissimum
1472 1374 1609 1416 exire,

187 1450 390 1486 nunquam
422 1438 464 1470 in
486 1438 735 1486 Ligusticum
751 1466 761 1482 ‚
797 1453 863 1476 nec
884 1453 954 1487 per
995 1440 1146 1475 Gallias
1172 1440 1226 1473 ad
1246 1438 1476 1473 Hibericum
1502 1446 1612 1469 mare

189 1513 306 1537 enare
329 1508 460 1536 auctor
492 1508 561 1539 est.
591 1502 741 1538 Claudii
765 1510 909 1554 tempp.
943 1504 1092 1539 demum
1112 1515 1240 1539 scaros
1267 1504 1365 1536 inter
1391 1500 1611 1535 Ostiensem

191 1573 232 1602 et
258 1563 486 1612 Campaniae
512 1576 616 1600 oram
640 1565 687 1601 ab
709 1566 846 1615 Optato
865 1593 875 1610 ,
903 1565 1039 1602 liberto
1071 1570 1174 1614 ejus,
1203 1564 1470 1601 disseminatos
1494 1560 1611 1596 fuisse

190 1626 308 1663 tradit
331 1625 431 1660 Plln·
456 1626 483 1660 l·
511 1627 539 1662 l·
565 1645 616 1654 ·-
639 1637 697 1670 53.
732 1628 819 1665 Non
842 1629 1051 1674 jucundior
1076 1628 1306 1671 descendat,
1345 1641 1419 1664 non
1444 1625 1615 1670 iucundi-

194 1692 277 1725 oris
310 1691 451 1738 saporis
471 1690 547 1733 sit,
584 1692 730 1726 suavius
751 1695 895 1737 sapiat,
930 1695 1047 1738 magis
1074 1696 1109 1725 in
1137 1691 1271 1726 deleiis
1296 1691 1367 1731 sit3
1405 1702 1516 1740 quam
1541 1690 1616 1724 cef-

193 1749 321 1799 Afrae
345 1761 460 1792 aves,
497 1749 659 1798 gallinae
696 1752 950 1793 Numidicae,
984 1756 1167 1797 guttatae
1211 1749 1406 1793 (Martial.
1445 1747 1516 1786 III.
1554 1755 1615 1790 58.

194 1813 283 1857 15.)
325 1810 374 1847 de
411 1810 544 1862 quibus
578 1821 751 1850 accurate
784 1813 1036 1862 disputantem
1067 1814 1151 1848 virle
1175 1810 1356 1848 Schneid.
1385 1812 1432 1846 ad
1467 1810 1618 1847 Colum.

196 1872 312 1911 VIII.
337 1883 371 1909 2.
397 1881 432 1908 2.
460 1891 505 1898 —
539 1878 702 1920 attagen
737 1875 916 1917 Ionicus,
953 1888 1042 1923 prae
1077 1874 1230 1924 reliquis
1264 1875 1445 1906 Asiaticis
1478 1885 1615 1922 sapore

193 1944 404 1986 praestans.
431 1933 603 1970 Martial.
629 1933 736 1969 XIII.
760 1940 817 1971 61.
845 1935 956 1969 Inter
978 1935 1283 1982 sapores-fertur
1298 1933 1440 1968 alitum
1461 1934 1618 1980 primus

196 1999 422 2034 Ionicarum
453 2003 597 2043 gustus
622 2002 911 2044 attagenarum.
937 1996 997 2035 Cf.
1031 1997 1145 2031 ovid.
1180 1994 1363 2031 Fast.VI.
1394 2004 1470 2038 ¹75·
1508 1996 1615 2031 Cete-

197 2070 281 2096 rum
302 2072 387 2094 cum
415 2061 487 2095 hoc
510 2062 742 2095 lautitiarum
765 2060 927 2097 elencho
954 2059 1056 2095 conf.
1078 2060 1247 2094 Petronii
1276 2058 1381 2093 locus
1399 2085 1408 2100 ‚
1448 2058 1494 2092 de
1530 2056 1617 2092 Mut
1668 2103 1671 2105 -

197 2123 248 2160 R.
274 2131 332 2164 33.
356 2135 440 2173 sqq.
465 2121 678 2167 Ingeniosa
707 2122 805 2168 gula
839 2125 915 2158 est:
955 2119 1087 2155 Siculo
1117 2130 1250 2154 scarus
1273 2129 1437 2165 aequore
1468 2128 1618 2152 mersus

197 2183 255 2217 ad
287 2193 465 2215 mensam
504 2184 610 2216 vivus
636 2182 885 2227 perducitur,
928 2181 1044 2229 inque
1080 2180 1265 2214 Lucrinis
1295 2188 1406 2214 eruta
1438 2178 1620 2214 litoribus

197 2243 375 2277 vendunt
400 2243 602 2286 conchylia
623 2254 760 2277 coenas
775 2271 784 2283 ,
812 2248 855 2277 ut
880 2247 1062 2278 renovent
1082 2254 1154 2288 per
1175 2242 1318 2276 damna
1340 2243 1500 2280 lhmem.
1533 2241 1620 2275 Jam

200 2304 395 2339 Phasidos
418 2305 522 2338 unda
546 2304 683 2340 orbata
709 2310 766 2338 est
790 2303 926 2340 avibus
946 2309 1017 2339 cet·
1044 2321 1091 2330 --
1114 2313 1170 2344 55.
1198 2315 1315 2349 quam
1333 2330 1342 2346 ,
1370 2316 1463 2354 quae
1485 2300 1619 2337 fundus

199 2368 420 2417 suppeditat
441 2367 580 2404 edulia.
626 2366 759 2401 Olivas
781 2366 936 2418 quidem
960 2365 1041 2411 legi
1067 2365 1101 2399 h.
1127 2379 1237 2400 manu
1264 2364 1415 2413 decerpi
1444 2372 1619 2413 oportere

207 2442 407 2466 commune
430 2429 667 2479 antiquitatis
688 2440 929 2478 praeceptum
954 2435 1058 2467 erat,
1085 2426 1191 2472 quod
1214 2439 1303 2469 eae,
1330 2438 1428 2472 quae
1449 2425 1623 2470 vapulas·

206 2496 315 2536 sent,
353 2491 635 2533 inurescerent,
673 2502 740 2524 nec
773 2494 931 2523 tantum
958 2487 1058 2529 olei,
1099 2493 1288 2534 quantum
1324 2498 1441 2521 manu
1466 2485 1628 2527 stricta,
1672 2531 1675 2534 y

204 2554 345 2588 durent
365 2555 503 2596 (Varro
530 2554 560 2588 1.
585 2554 666 2596 55.)
694 2554 766 2587 hoc
791 2560 912 2587 tamen
931 2551 1016 2586 loco
1040 2552 1305 2600 pinguissimas
1327 2562 1372 2585 ac
1395 2548 1626 2595 grandiores,

207 2628 304 2666 quae
333 2615 499 2652 conditui
528 2613 711 2659 (Colum.
738 2612 790 2650 II.
817 2623 876 2650 22.
901 2614 962 2657 4.)
989 2613 1162 2664 adeoque
1186 2614 1323 2648 mensis
1346 2616 1627 2659 reponerentur,

213 2679 374 2720 curiosa,
399 2677 598 2728 diligentia
634 2677 826 2728 nudisque
850 2677 979 2723 digitis
1012 2675 1129 2714 lectas
1161 2675 1307 2720 (varro
1335 2674 1361 2712 1.
1383 2674 1439 2717 1,)
1468 2683 1488 2706 a
1514 2678 1624 2721 poeta
