1737 3054
715 243 769 252 *-
862 227 941 275 144
1031 246 1086 253 ...-

195 337 306 373 viridi
328 344 561 383 exstructae,
589 337 812 390 cespititiae,
831 337 957 391 quales
984 338 1017 372 in
1032 337 1185 388 privatis
1209 336 1397 374 sacrificiis
1415 337 1588 374 usitatae.

194 400 340 434 Focum
376 398 452 432 vivi
485 401 639 445 cespitis
670 400 837 448 adpellat
869 400 1050 447 Calpurn.
1090 399 1171 434 Ecl.
1194 399 1240 436 V.
1265 408 1324 440 25.
1351 407 1384 436 et
1400 399 1585 446 foculum

191 461 268 495 vivi
289 461 445 507 cespitis
469 464 612 512 pariter
638 463 777 499 Auson.
804 463 966 510 Ephem.
984 461 1181 497 Parecbas.
1203 472 1259 505 13.
1295 461 1353 498 Cf.
1384 461 1414 499 Ῑ.
1446 471 1501 505 19·
1533 465 1588 501 ¹3.

192 543 237 552 —
257 536 295 571 5.
323 525 471 568 Docte,
500 525 560 570 qui
585 523 702 574 probe
727 524 843 561 calles
859 550 871 565 ,
898 532 999 559 tenes
1022 531 1236 564 sermones,
1266 520 1414 565 μύθους,
1444 521 1587 556 utrius-

194 598 265 632 que
291 584 472 631 linguae,
501 592 577 620 tam
597 594 752 633 graecae
776 596 886 635 quam
915 583 1065 622 latinae,
1093 580 1246 625 (lingua
1267 581 1401 617 doctus
1427 588 1589 631 utraque

192 647 360 683 Martial.
396 648 446 684 X.
481 648 541 687 76.
578 647 643 691 b.)
680 647 741 696 qui
769 645 957 694 utriusque
984 639 1116 691 populi
1155 643 1443 692 antiquitatem,
1469 643 1588 680 literis

192 714 468 759 consignatam,
500 712 590 743 ritus
621 707 718 741 adeo
753 714 861 758 atque
887 714 990 740 sacra
1023 715 1104 738 cum
1127 704 1290 748 ipsorum
1324 705 1445 739 causis
1480 713 1588 755 atque

191 771 393 817 originibus
417 771 567 816 egregie
593 774 792 817 perspecta
816 764 943 802 habes.
977 763 1083 799 Unde
1104 762 1390 810 Maecenatem,
1407 766 1455 801 ad
1481 765 1591 802 festas

191 833 318 883 epulas
353 829 400 865 ab
430 829 585 864 Horatio
613 827 698 863 Kal.
732 828 875 863 Martiis
907 825 1128 866 invitatum,
1163 826 1224 859 vix
1256 823 1359 863 aliud
1389 828 1589 880 quidquam

190 895 297 943 hujus
321 893 398 929 diei
424 904 567 928 sacrum
583 918 594 933 ‚
621 892 787 940 exceptis
810 887 1083 925 Matronalibns
1099 913 1110 931 ‚
1137 888 1172 921 in
1192 894 1268 922 tota
1289 890 1511 941 antiquitate
1534 904 1592 926 re·

190 958 332 1006 periri,
359 967 479 1006 neque
504 954 600 989 haec
626 952 702 988 ullo
728 951 842 988 modo
865 950 912 987 ad
934 949 1096 986 caelibes
1121 950 1336 998 pertinere,
1359 960 1495 1001 poetae
1517 953 1589 999 sig.

190 1019 359 1054 nificasse
384 1015 580 1067 probabile
600 1014 807 1050 admodum
845 1012 1002 1048 videtur.

284 1092 318 1116 v.
343 1077 377 1112 6.
401 1078 516 1114 Poeta
538 1077 714 1120 Baccho,
740 1077 801 1127 qui
826 1072 1168 1123 praesentissimum
1200 1072 1331 1107 mortis
1355 1073 1587 1122 periculum,

187 1141 330 1178 arboris
362 1148 492 1175 trunco
525 1140 594 1189 ipsi
623 1140 870 1178 intentatum,
906 1148 927 1171 a
948 1133 1158 1170 cervicibus
1180 1135 1255 1170 suis
1276 1133 1504 1185 depulisset,
1533 1148 1589 1171 sa·

188 1217 288 1241 erum
312 1216 350 1239 se
377 1202 542 1237 votivum
569 1202 640 1235 isto
665 1198 727 1234 die
746 1197 885 1234 debere
908 1201 980 1236 ait,
1001 1204 1171 1246 tanquam
1194 1198 1356 1245 agresti,
1380 1208 1424 1231 ac
1445 1197 1590 1246 specia-

188 1265 255 1299 tim
276 1264 468 1299 hortorum
487 1265 656 1309 (praeter
681 1260 811 1296 vitium
838 1259 939 1294 enim
963 1269 1155 1306 pomorum
1176 1271 1320 1310 quoque
1351 1259 1516 1294 inventio
1536 1267 1588 1292 at-

187 1341 258 1378 que
286 1326 429 1363 cultura
455 1325 489 1360 ei
518 1322 672 1359 tributa.
718 1318 834 1362 Μῆλοι
860 1316 1032 1355 Διωνιῖσου
1059 1318 1145 1354 inde
1170 1318 1272 1354 dicta
1296 1319 1464 1356 Philetae
1488 1319 1588 1370 apud

190 1388 317 1425 Schol.
352 1387 517 1423 Theocr.
558 1385 606 1421 ΙΙ.
645 1393 727 1419 120.
762 1381 859 1417 unde
888 1379 1057 1414 Διόνυσον
1077 1378 1140 1414 vav
1166 1378 1290 1424 μήλων
1313 1377 1448 1424 εὑρετήν
1485 1389 1588 1418 recte

187 1454 287 1499 cogit
312 1451 446 1486 Athen.
470 1450 543 1484 111.
565 1462 602 1497 p.
623 1454 681 1486 8².
704 1443 781 1489 D.)
808 1442 1004 1488 eidemque
1031 1449 1225 1490 poetarum
1253 1442 1400 1478 tutelari
1432 1445 1589 1481 numini,

186 1514 285 1550 vide
311 1514 359 1550 ad
382 1514 413 1550 Ι.
436 1524 468 1548 1.
485 1521 544 1557 29.
571 1517 608 1544 et
637 1507 689 1541 ΙΙ.
711 1517 766 1550 lq.
796 1506 878 1551 Qua
901 1504 1036 1541 eadem
1067 1502 1114 1539 de
1148 1515 1258 1539 causa
1291 1503 1410 1540 Musis
1434 1505 1590 1542 salutem

189 1590 289 1616 suam
308 1583 502 1625 acceptam
530 1571 601 1607 fert
625 1570 694 1606 Ill⁴
717 1577 753 1605 4.
779 1578 837 1611 27·
862 1566 1092 1616 eandemque
1118 1564 1244 1601 Fauno
1267 1567 1317 1599 11.
1346 1576 1472 1612 17.27.
1495 1575 1591 1604 utra-

187 1653 258 1692 que
287 1639 331 1673 tle
360 1649 489 1672 causa,
512 1632 662 1668 Absone
695 1632 804 1677 igitur
840 1628 1028 1663 Gesnerus
1062 1627 1099 1662 h.
1127 1625 1152 1661 l.
1175 1629 1308 1670 „Bene
1329 1629 1492 1669 Libe70‚·
1519 1633 1589 1668 1323

189 1703 287 1739 euim
309 1696 485 1732 laetitiae
508 1694 621 1728 dator
645 1703 793 1742 semper
817 1689 946 1725 aderat
971 1689 1194 1724 conviviis.“
1218 1707 1265 1716 —
1308 1688 1497 1725 Voveram
1532 1695 1590 1739 (in

188 1766 291 1809 cujus
324 1759 504 1806 temporis
535 1756 628 1791 mire
659 1752 836 1804 quosdam
868 1750 1028 1796 argutari
1054 1750 1212 1795 videas)
1239 1751 1368 1787 dulces
1390 1755 1522 1800 epulas
1549 1763 1588 1791 et

187 1835 368 1870 caprum,
400 1820 510 1855 docte
540 1827 630 1865 pro,
653 1827 732 1850 νον.
759 1824 936 1862 caprum,
961 1811 1110 1850 dulcem
1133 1827 1160 1849 s.
1188 1823 1331 1860 gratam
1366 1817 1446 1853 Deo
1478 1822 1592 1857 victi.

189 1899 315 1927 mam3
335 1898 379 1920 ne
403 1882 552 1918 diversa
574 1891 595 1913 a
617 1884 728 1928 poeta
753 1877 853 1910 innui
874 1874 1086 1914 harioleris.
1136 1877 1188 1912 Eo
1205 1886 1325 1914 tamen
1346 1877 1437 1914 ferri
1460 1889 1588 1928 putan-

190 1950 250 1993 di,
281 1948 343 2000 qui
372 1946 523 1985 dulces,
560 1941 680 1977 lautas
705 1941 1010 1985 interpretantur.
1062 1937 1233 1975 Ceterum
1266 1940 1361 1975 hirci
1384 1943 1418 1976 in
1446 1943 1589 1980 Bacchi

188 2012 304 2048 sacris
337 2007 545 2044 immolatio
584 2004 672 2038 satis
695 2000 869 2052 frequens
893 2013 937 2035 ac
967 2001 1193 2050 pervulgata.
1223 2018 1263 2028 ’-
1289 2001 1435 2038 Album
1462 2005 1510 2040 ob
1534 2020 1592 2042 sa.

190 2087 295 2111 crum
318 2072 401 2106 Deo
423 2078 560 2116 supero
583 2061 796 2101 faciendum
822 2062 898 2097 dici
925 2067 1138 2107 autumant3
1172 2063 1240 2099 sed
1272 2072 1376 2101 ornat
1411 2068 1590 2116 simplici.

191 2146 262 2174 ter,
289 2153 334 2162 .-.
358 2145 391 2174 7,
414 2145 456 2169 eo
481 2129 543 2166 die
560 2155 570 2170 ‚
590 2139 662 2179 quo
677 2123 1040 2173 propefuneratus‚
1062 2137 1283 2176 oppressus,
1311 2128 1512 2166 exstinctus
1536 2143 1590 2166 es·

190 2211 270 2235 sem
295 2191 568 2246 procumbentis
601 2187 749 2223 arboris
773 2187 877 2232 ictu,
904 2201 1015 2231 casu,
1041 2189 1160 2223 ruina.

286 2270 321 2292 v.
344 2255 512 2292 Observa
539 2257 713 2288 ornatum
737 2257 772 2285 et
795 2251 940 2298 copiam
963 2258 1095 2299 poetae
1119 2249 1156 2286 h.
1190 2249 1217 2285 l.
1245 2250 1423 2287 Absoluta
1445 2259 1587 2290 senten-

194 2323 244 2356 tia
266 2328 369 2357 erat:
395 2318 459 2352 hic
485 2314 734 2364 diesfestuS,
759 2314 854 2348 mihi
877 2313 1039 2350 solennis
1062 2314 1153 2354 erit,
1183 2312 1275 2348 festa
1309 2315 1418 2349 istum
1443 2315 1586 2353 laetitia

195 2394 299 2429 agam
325 2391 423 2414 anno
451 2380 488 2412 in
524 2390 564 2413 se
602 2375 807 2416 redeunte,
845 2375 1038 2418 volvente,
1071 2377 1289 2424 quotannisg
1311 2377 1375 2412 sed
1405 2378 1588 2416 cumulate

197 2451 306 2494 atque
339 2439 564 2485 explicative
601 2436 750 2471 modum
783 2435 923 2486 adjecit
954 2441 1085 2486 poeta,
1122 2451 1193 2487 quo
1228 2437 1310 2474 dies
1339 2440 1407 2474 iste
1435 2443 1588 2490 transigi.

196 2510 376 2554 oporteat.
406 2500 575 2536 Suaviter
599 2512 744 2550 quoque
764 2497 827 2532 hic
851 2497 933 2531 dies
954 2514 998 2525 -
1023 2497 1233 2533 demovebit
1255 2513 1322 2550 pro
1346 2502 1502 2547 vulgari,
1519 2504 1591 2540 lroc

196 2567 259 2602 die
278 2560 540 2599 demovebitur
562 2560 775 2596 detrahetur
804 2564 942 2595 cortem
968 2571 997 2595 s.
1020 2560 1127 2596 suber
1145 2560 1230 2608 pice
1272 2561 1494 2605 adstrictus,
1519 2564 1590 2600 illi.

199 2638 280 2672 tus,
307 2625 498 2662 obturatus
525 2622 588 2667 (cf.
615 2622 664 2657 ad
690 2622 719 2658 Ι.
744 2633 806 2657 20.
830 2625 889 2666 3.)
915 2623 1125 2669 amphorae
1151 2636 1281 2670 graece
1312 2637 1404 2673 pro,
1440 2624 1487 2660 ab
1518 2639 1592 2664 am.

198 2690 314 2739 phora
330 2714 340 2732 ‚
366 2686 466 2739 quod
490 2693 617 2723 ornate
641 2689 696 2723 est
718 2698 797 2735 pro,
819 2685 994 2733 amphora
1017 2686 1216 2729 renuetur,
1241 2687 1437 2736 aperietur,
1461 2688 1587 2726 etheo
