1737 3054
732 212 789 221 --
850 165 962 234 x260
1048 214 1104 224 —-

227 305 346 342 multo
369 313 490 342 tamen
517 308 634 352 magis
655 302 858 343 impudens
883 319 1004 347 nunc,
1031 305 1133 357 quod
1165 319 1237 342 non
1263 309 1388 343 statim
1413 317 1530 347 morte
1560 310 1623 347 fla.

228 373 356 416 gntinm
381 369 528 404 luerim.
580 371 748 411 Κλίμακα
776 373 809 403 in
833 368 950 405 altero
971 368 1142 405 membro
1165 368 1274 405 facile
1302 373 1451 408 sentias.
1477 372 1618 408 Orcum

228 434 424 472 moratur,
457 432 517 481 qui
546 422 701 465 mortem
728 427 878 470 differt,
911 443 1003 480 quae
1026 433 1094 479 ipsi
1120 432 1258 467 dudum
1292 431 1482 470 subeunda.
1510 435 1622 470 foret.

234 489 266 524 Ο
286 490 445 525 deorum
478 501 551 528 cet.
590 492 800 527 Maximam
839 493 911 525 vim
945 492 1055 526 habet
1087 493 1209 529 subito
1233 494 1282 530 ad
1309 494 1410 530 Deos
1442 509 1624 533 conversa

225 556 368 594 oratio;
398 559 474 588 tum
497 554 598 604 quod
629 555 786 589 Deorum
810 552 1078 599 benignitatem
1102 566 1144 590 ac
1173 557 1450 592 miserationem
1483 559 1518 592 in
1554 559 1624 594 hoe

228 617 400 660 agnoscit
419 642 429 658 ‚
456 617 487 649 si
512 615 685 657 belluae,
711 613 848 664 quibus
875 613 1098 656 dilanietur,
1134 615 1208 651 sibi
1232 617 1463 668 objiciantur.
1502 620 1626 656 Etiam

226 677 297 711 hoc
323 676 367 710 ad
406 679 567 711 animum
605 679 683 722 ejus
721 674 1032 723 perturbatiorem
1070 679 1157 712 satis
1181 679 1490 723 adcommodare,
1520 683 1623 733 quod

224 738 439 773 dubitanter
476 736 678 771 admodum
715 748 845 784 preces
882 740 1077 784 proponit,
1108 751 1264 789 quarum
1289 743 1468 779 rationem
1497 743 1622 780 ullum

224 801 387 835 Deorum
414 812 494 833 esse
521 797 736 832 habiturum
758 799 820 832 vix
845 806 993 846 speret3
1020 802 1073 833 uti
1096 799 1138 834 fit
1166 802 1201 835 in
1235 814 1386 838 summa
1408 806 1625 854 trepidatio-

225 859 270 896 ne
293 875 335 895 ac
360 861 633 908 desperatione.
660 876 708 884 —
733 857 882 893 Utinam
907 869 1032 892 errem
1054 858 1158 894 inter
1184 863 1336 908 leones,
1370 865 1541 903 leonibus
1566 881 1627 904 su.

222 920 302 956 bito
325 936 380 957 nie
406 923 696 956 circumventam
718 920 865 956 videam
881 946 892 963 ,
920 920 1080 970 praedae
1096 922 1139 956 iis
1163 922 1431 971 den—nuda,
1458 930 1517 965 vel
1539 941 1626 980 pro-

221 989 326 1034 prie,
356 986 512 1018 vestium
534 982 786 1033 qualicunque
811 984 1041 1018 munimento
1067 983 1259 1030 destituta,
1285 989 1387 1038 quod
1411 990 1542 1028 leones
1561 991 1626 1027 ali.

222 1059 273 1097 qu
289 1050 440 1095 «ntisper
466 1053 698 1079 moraturum
722 1043 900 1094 puellaris
921 1044 994 1080 sibi
1018 1046 1258 1090 persuaderet
1279 1051 1522 1100 simplicita23
1548 1053 1623 1098 vel,

222 1108 368 1156 absque
407 1107 575 1150 auxilio,
618 1106 709 1141 sola.
737 1106 842 1142 Prius
865 1112 989 1144 tamen
1019 1116 1131 1156 poeta
1155 1109 1328 1157 dignius,
1375 1118 1488 1165 atque
1512 1128 1623 1152 venu-

222 1173 329 1206 stius.

314 1242 348 1264 v.
371 1240 429 1274 53.
463 1229 671 1280 Antequam
695 1228 795 1265 lenta
822 1237 937 1265 morte
959 1242 1179 1273 consumar,
1205 1232 1302 1269 fame
1317 1235 1504 1271 conficiar.
1537 1237 1624 1274 Pro-

218 1292 321 1329 secta
346 1293 442 1327 haee
473 1306 491 1327 e
515 1293 637 1342 prisco
663 1291 902 1327 humanitati·
929 1304 1061 1333 sensu,
1098 1307 1205 1343 quem
1231 1297 1432 1331 etiamnum
1455 1298 1626 1334 animad-

221 1365 367 1391 vertere
403 1354 491 1389 licet
507 1380 515 1394 ,
562 1365 637 1405 quo
665 1355 796 1400 exigua
825 1353 860 1387 in
881 1353 1196 1403 proprinquorum
1220 1361 1280 1389 aut
1301 1354 1373 1391 hibi
1396 1356 1623 1395 dilectorum

220 1416 348 1452 funere
384 1415 504 1450 luctus
540 1415 673 1450 solatia
707 1412 908 1454 haberent,
943 1416 973 1448 si
1000 1412 1129 1448 illaeso
1157 1421 1270 1465 atque
1293 1418 1439 1465 integro
1461 1431 1620 1469 corpore

217 1481 314 1513 mori
345 1480 431 1527 ipsis
457 1479 685 1523 contigisset.
713 1475 888 1526 Sophocl.
906 1478 1035 1522 Antig.
1060 1482 1141 1519 829.
1170 1475 1290 1512 οὐκοῦν
1317 1479 1433 1520 κλεινὴ
1452 1483 1507 1515 καὶ
1530 1477 1630 1515 ἔπαι-

219 1551 270 1573 νον
293 1537 404 1584 'Axona'
432 1540 465 1574 ἐς
488 1535 562 1574 τ’δ*
587 1536 722 1585 ἀπέρχῃ
742 1534 860 1572 κειῖθος
886 1535 1006 1571 νεκύων
1031 1531 1109 1572 οὔδε
1139 1537 1288 1584 φθινάσι
1315 1543 1485 1583 πληγεῖσα
1500 1542 1623 1588 νόσοις,

221 1599 301 1634 οὔτε
331 1601 460 1644 ξιφέων
477 1597 631 1644 ἐπίχειρα
654 1596 829 1644 Λαχοῦσα.
854 1598 914 1633 Cf.
939 1598 1068 1648 Eurip.
1108 1600 1142 1633 in
1168 1599 1328 1636 Philoct.
1355 1599 1488 1648 fragm.
1513 1602 1558 1636 V.
1587 1616 1622 1652 p.

220 1665 304 1707 464.
337 1662 438 1710 Lips.
473 1662 627 1697 Lucian.
662 1663 696 1696 in
725 1661 820 1698 Luc.
854 1669 916 1705 33.
948 1665 1040 1694 extr.
1066 1673 1103 1708 p.
1139 1664 1222 1704 603.
1257 1661 1500 1698 Luculentius
1527 1661 1622 1699 Stat.

223 1724 314 1761 silv.
346 1724 379 1758 11
409 1737 436 1759 ι.
463 1727 542 1770 154.
571 1724 737 1757 Gratum
762 1722 977 1770 est‚fata‚
1009 1727 1161 1762 tamen,
1189 1722 1292 1767 quod
1313 1734 1389 1756 non
1410 1730 1516 1757 mors
1541 1724 1623 1757 Ien-

221 1791 261 1820 ta
288 1788 453 1829 jacentis
476 1786 609 1820 exedit
629 1786 782 1830 puerile
813 1784 947 1827 decus,
991 1793 1195 1829 manesque
1221 1781 1363 1817 subivit
1385 1784 1558 1832 integer,
1586 1791 1626 1821 et

221 1849 325 1884 nullo
359 1853 569 1882 temeratus
595 1858 755 1892 corpora
780 1845 937 1880 damno.
958 1844 1067 1880 Adde
1100 1845 1154 1879 Ei.
1183 1845 1306 1880 Theb.
1331 1847 1393 1884 IX.
1422 1856 1503 1892 732.
1527 1849 1626 1898 Apu.

219 1909 281 1945 lei.
312 1925 347 1960 p.
388 1919 464 1951 188.
494 1909 593 1945 Oud.
618 1909 723 1945 Idem
754 1909 863 1955 igitur
886 1913 1009 1943 votum
1034 1905 1186 1942 floridae
1210 1908 1338 1942 aetatis
1362 1908 1534 1956 puellae,
1562 1912 1625 1946 cui

218 1974 339 2009 semel
363 1975 590 2022 pereundum
612 1976 681 2013 sit,
719 1982 741 2003 a
765 1978 877 2020 poeta
900 1967 1036 2011 tribui,
1073 1972 1109 2003 in
1133 1968 1202 2003 hoc
1227 1981 1336 2003 nemo
1360 1969 1473 2006 facile
1493 1971 1625 2019 judici.

218 2048 285 2071 um
325 2039 403 2082 ejus
434 2035 635 2071 desideret.
680 2033 756 2069 Sed
786 2035 888 2068 miris
914 2030 1220 2067 hariolationibus
1250 2030 1286 2067 h.
1311 2030 1338 2067 l.
1364 2032 1470 2067 indui
1495 2034 1622 2069 videas

222 2100 344 2147 intpp.
377 2098 456 2132 Jain
487 2097 657 2146 expende
681 2101 848 2132 ornatum
875 2095 1084 2131 verborum.
1121 2092 1267 2126 Macies
1289 2094 1416 2139 turpis
1435 2099 1621 2140 occupat,

221 2166 415 2200 extenuat,
442 2159 617 2209 deturpat
642 2158 765 2191 malas
792 2157 984 2199 decentes,
1011 2154 1231 2191 dehonestat
1256 2166 1434 2201 genarum
1459 2156 1624 2205 pulchri-

220 2221 404 2255 tudinem.
437 2239 480 2249 -
515 2220 658 2254 Saccus
671 2220 807 2267 defluit
830 2224 976 2270 corpori
1010 2221 1104 2268 (pro
1123 2232 1197 2269 quo
1222 2220 1428 2269 quaesitius
1455 2228 1537 2265 est,
1564 2225 1619 2255 te.

223 2294 336 2315 nerae
352 2284 521 2329 praedae
538 2310 547 2325 ,
574 2282 724 2333 puellae
745 2288 897 2319 tenerae
912 2309 923 2326 ‚
949 2281 1037 2318 feris
1068 2281 1332 2323 destinatae),
1369 2294 1502 2331 eorpus
1536 2294 1624 2318 con·

220 2344 350 2379 tubesit
370 2372 378 2384 .
415 2346 564 2380 arescit.
599 2345 737 2381 succus
769 2347 872 2380 enim
901 2350 1052 2391 vegetae
1082 2343 1194 2377 aetati
1221 2343 1417 2391 proprius,
1446 2342 1541 2377 unde
1565 2356 1622 2378 ea-

221 2405 310 2440 dem
342 2410 446 2439 aetas
473 2405 624 2440 tumida
649 2414 721 2443 cet.
762 2406 837 2442 vid.
859 2404 986 2441 ad-II.
1015 2412 1046 2445 5.
1074 2413 1153 2445 10.;
1179 2406 1235 2439 cui
1261 2408 1460 2453 opponitur
1488 2416 1619 2453 corpus

221 2468 394 2512 aridum,
427 2481 652 2509 exsuccum,
686 2466 800 2514 ’γῖἰρας
825 2466 938 2512 ξηρή.
968 2483 1013 2493 -·
1052 2463 1231 2511 Speciosa
1265 2464 1354 2500 dum
1385 2463 1504 2498 adhuc
1537 2476 1619 2498 sum

222 2531 367 2575 integro
400 2541 583 2578 corpore;
619 2542 693 2579 quo
723 2529 846 2577 ipsum
880 2531 1089 2577 speciosum
1121 2525 1194 2561 dici
1225 2530 1370 2576 potest,
1414 2537 1461 2559 ex
1488 2537 1620 2573 oppos.

222 2602 328 2640 corp.
350 2592 471 2625 macie
498 2588 660 2624 confecti
684 2607 730 2616 —
748 2599 888 2635 quaero
905 2599 1010 2634 pasc.
1038 2587 1182 2630 tigres,
1207 2587 1318 2633 cupio
1345 2585 1500 2633 tigribus
1527 2586 1620 2635 obji-

221 2654 279 2693 ci,
317 2651 476 2701 praedae
499 2651 602 2693 dari;
639 2649 706 2688 sed
729 2650 890 2687 alterum
927 2649 1072 2699 opimae
1096 2648 1257 2697 praedae
1287 2647 1498 2696 adjunctam
1523 2649 1617 2683 noti·

219 2728 328 2752 onem
355 2713 479 2750 habet.
