1737 3054
250 322 460 382 quidem
499 328 826 386 exquisitum
868 332 1059 387 poetae
1087 328 1640 388 perspicitur-judici-

247 403 367 443 um,
426 392 852 453 quandoquidem
892 394 962 438 ad
998 395 1216 437 Romuli
1252 397 1448 439 merita
1490 401 1635 439 recte

245 457 620 510 aestimanda,
663 461 979 519 omninoque
1016 459 1086 501 ad
1124 457 1390 517 majorem
1436 463 1516 504 rei
1549 476 1638 521 ge-

245 526 365 564 stae
384 512 563 580 fidem
586 521 915 581 faciendam
946 526 1043 566 hoc
1071 525 1313 567 junonis
1335 522 1511 586 effatu
1538 527 1635 569 vix

242 586 536 645 quidquam
585 592 829 649 cogitari
881 594 1100 647 poterat
1150 589 1426 634 illustrius
1471 597 1635 649 atque

248 648 553 714 efficacius.
623 655 876 699 Μαχὶῃια
908 655 1047 697 enim
1072 653 1290 698 Romuli
1322 649 1640 716 meritafin-

244 732 352 775 gas
388 719 488 760 tibi
515 732 724 762 necesse
749 727 851 770 est,
888 734 1022 779 quae
1044 718 1344 771 sunonem,
1382 722 1639 778 implaca-

247 782 351 825 bili
389 797 522 840 erga
575 782 852 841 Trojanos
895 798 1178 842 eorumque
1230 786 1494 844 reliquias
1518 785 1639 845 fla-

244 853 501 907 grantem
530 845 677 906 odio,
711 851 1085 907 perpulerint,
1129 856 1185 892 ut
1213 855 1372 893 tanta
1405 853 1453 894 ei
1484 867 1637 908 prae-

243 912 356 955 mia
395 912 723 956 concederet.
791 916 953 960 Aliae
995 917 1220 971 insuper
1254 930 1450 960 causae
1487 915 1640 975 adfe-

245 977 480 1028 aenaeae,
530 979 870 1039 rationesque
910 983 992 1025 ita
1032 981 1406 1024 subducendae
1445 989 1636 1039 erant,

247 1048 298 1085 et
344 1057 410 1084 ne
448 1042 810 1090 inveteratam
846 1047 1089 1090 lunonis
1128 1046 1308 1089 odium
1356 1049 1530 1107 (quod
1576 1050 1636 1092 in

229 1102 456 1165 femina
479 1107 644 1163 plane
669 1125 902 1169 unquam
927 1112 1246 1155 restinctum
1278 1113 1351 1154 iri
1378 1110 1638 1173 nemofa-

243 1174 348 1217 cile
375 1175 432 1216 in
460 1175 695 1218 animum
721 1177 1039 1224 induxerit)
1064 1172 1227 1234 facti
1251 1179 1492 1220 obstaret
1512 1195 1636 1235 pro-

240 1238 544 1283 habilitati.
617 1241 765 1296 Quod
793 1241 1000 1299 quidem
1031 1243 1254 1300 egregie
1286 1243 1433 1285 cavit
1458 1250 1638 1300 poeta,

240 1305 364 1349 dum
406 1302 549 1347 illud
574 1306 751 1350 odium
784 1301 990 1364 Trojae
1019 1307 1315 1360 cineribus,
1366 1314 1423 1351 ut
1450 1310 1531 1351 ita
1561 1310 1638 1352 di-

239 1386 385 1421 cam,
433 1370 705 1424 inureret,
751 1371 1011 1430 istiusque
1053 1376 1234 1414 terrae
1264 1373 1380 1419 solo
1415 1375 1636 1418 circum-

238 1436 503 1479 scriberet
519 1451 539 1488 ;
575 1437 729 1493 idque
750 1437 821 1478 ad
843 1438 1114 1480 Romanos
1143 1443 1252 1480 tum
1273 1437 1476 1483 demum
1505 1455 1637 1483 com-

240 1502 612 1561 migraturum
647 1514 757 1542 esse
800 1493 1122 1560 significat,
1171 1503 1222 1545 si
1251 1503 1312 1544 de
1341 1503 1520 1565 Troja
1558 1505 1636 1547 in-

239 1564 554 1609 stauranda
608 1580 840 1624 unquam
891 1567 1124 1610 consilia
1179 1568 1400 1611 inirent.
1487 1570 1636 1633 Quod

238 1632 646 1688 suspicaturum
708 1632 980 1675 Junonem
1042 1632 1327 1676 admodum
1390 1636 1633 1691 proclive

240 1702 390 1750 erat,
428 1712 584 1755 quum
628 1697 875 1742 coloniae
902 1712 1002 1755 pro
1031 1699 1202 1742 veteri
1231 1699 1631 1744 necessitudine

240 1768 589 1816 tenerentur,
638 1764 966 1821 metropolin
997 1779 1148 1807 suam
1181 1765 1326 1808 omni
1365 1767 1519 1809 modo
1534 1765 1634 1825 ju-

240 1843 399 1882 vare,
440 1826 733 1886 adflictam
768 1829 854 1873 vel
881 1829 1012 1874 adeo
1055 1829 1285 1874 deletam
1316 1833 1529 1892 erigere
1556 1837 1635 1874 at-

239 1910 341 1953 que
374 1896 709 1939 instaurare.
777 1896 963 1955 Igitur
991 1897 1148 1939 initio
1170 1897 1356 1940 statim
1391 1898 1635 1942 exsultat

241 1960 305 2003 de
347 1976 533 2006 eversa
579 1960 756 2020 Troja
796 1963 1078 2006 muliebris
1110 1962 1340 2005 Iunonis
1379 1963 1636 2019 impoten-

241 2027 355 2081 tia,
402 2028 551 2083 ipsas
585 2026 753 2088 liujus
794 2029 945 2071 urbis
985 2029 1181 2071 ruinas
1236 2026 1508 2084 sepultas,
1556 2042 1635 2071 so-

239 2092 456 2152 lumque
488 2100 698 2138 vastum
712 2090 968 2152 ferisque
1008 2093 1377 2136 inhabitatum
1405 2093 1634 2149 superbe

238 2158 522 2211 laetatur,
573 2166 732 2218 utque
768 2165 1021 2216 acceptae
1062 2174 1094 2202 a
1123 2157 1325 2202 Paride
1355 2157 1635 2217 injuriae,

240 2225 547 2281 primariae
584 2226 793 2268 irarum
842 2240 1073 2277 causae,
1123 2238 1228 2282 qua
1266 2224 1363 2265 vix
1397 2225 1632 2283 gravior

244 2289 364 2333 ulla
392 2287 644 2348 feminae
674 2289 872 2353 offerri
898 2292 1095 2347 possit,
1143 2290 1631 2346 perpetualiaecce

241 2356 356 2397 sint
389 2356 661 2401 solamina
681 2360 704 2408 ‚⁴
745 2357 900 2401 unice
932 2357 1166 2400 laborat.
1236 2351 1633 2413 Hincfacilem

242 2435 356 2464 sese
391 2422 574 2465 Marti
609 2438 706 2479 pro
753 2422 982 2466 Romulo
1026 2421 1342 2478 deprecanti
1378 2421 1632 2477 praebet,

244 2487 305 2529 in
334 2485 554 2546 ejusque
572 2487 893 2545 apotheosin
931 2487 1195 2531 consentit
1232 2491 1283 2526 et
1312 2486 1398 2529 cel
1423 2487 1635 2529 immen-

243 2567 359 2595 sam
388 2553 611 2608 imperio
647 2554 886 2597 Romano
917 2551 1351 2613 magnitudinem
1378 2551 1632 2609 spondet,

245 2617 522 2661 dummodo
561 2634 625 2661 ne
663 2617 839 2676 Troja
877 2634 1112 2678 unquam
1141 2634 1173 2662 a
1198 2617 1456 2662 Romanis
1481 2631 1633 2658 exsu-

245 2685 492 2729 scitetur.
560 2687 796 2731 Ductum
839 2687 939 2729 lzoc
981 2684 1147 2744 plane
1195 2696 1264 2727 ex
1304 2683 1475 2728 animi
1503 2697 1633 2730 com-
