1737 3054
620 184 708 238 -ἒ
768 190 849 239 323
939 209 997 222 -—

111 310 263 353 xime
283 302 616 366 Sygambris
633 333 645 356 ‚
683 304 877 362 quibus
895 330 925 357 ‚-
944 305 1182 363 acceptis
1206 309 1498 363 obsidibus,

108 374 264 433 pacis
286 372 435 430 leges
450 370 820 426 imposuisset,
848 368 904 413 in
931 373 1172 416 maxima
1199 375 1394 417 Romae
1413 391 1501 420 ex-

109 438 447 496 spectatione
489 441 623 478 esset
671 429 1026 494 (quamquam
1073 452 1186 482 eam
1236 434 1502 496 lamfra-

110 507 430 548 strare-ntur
469 515 634 544 curae
663 501 833 557 ipsius
859 502 930 545 acl
963 502 1202 548 Galliam
1231 509 1390 560 atque
1414 506 1501 548 lii-

109 569 357 626 spaniam
387 567 806 624 componendam
838 569 1155 629 conversae)
1175 599 1187 621 ,
1216 583 1499 626 omnesque

108 634 377 678 intentius
401 633 454 674 id
471 634 782 691 agitarent,
813 639 869 675 ut
897 633 1204 678 redeuntem
1233 649 1347 677 eum
1367 648 1501 677 sum-

108 715 190 743 mo
218 713 334 742 cum
359 697 636 754 adparata
665 712 727 742 ac
747 698 1031 755 splendore
1058 701 1387 757 exciperent„
1412 714 1499 755 po-

109 772 196 809 eta
230 764 318 807 vel
342 769 546 820 sponte,
581 768 640 806 ut
670 771 718 806 et
752 766 862 821 ipse
891 764 945 806 in
974 764 1224 821 publicae
1248 766 1497 809 laetitiae

109 831 529 875 communionem
564 831 798 881 veniret,
838 829 924 872 vel
946 846 978 873 a
1004 830 1127 873 Iulo
1158 832 1395 874 Antonio
1414 845 1501 874 ex-

106 897 338 945 citatus,
402 894 473 937 ad
521 895 761 954 Augusti
798 895 1026 938 reditum
1065 911 1128 938 ac
1170 896 1502 953 triumphum

108 962 349 1005 carmine
384 960 791 1008 celebrandum,
839 960 920 1002 ita
962 974 1017 1003 se
1067 963 1365 1019 componit,
1411 967 1501 1014 ut,

105 1042 262 1085 quum
287 1025 582 1068 Pindarici
599 1022 829 1082 spiritus
854 1027 1096 1083 artisque
1116 1032 1501 1086 argumentum

104 1086 389 1150 professus
430 1094 598 1143 esset,
650 1088 866 1149 ingenii
897 1091 984 1133 sui
1020 1092 1294 1135 modulum
1336 1098 1498 1150 atque

103 1155 537 1200 imbecillitatem
584 1160 834 1208 excuset,
893 1157 1293 1216 Antoniumque
1342 1157 1501 1201 vicis-

104 1224 231 1273 sim,
278 1222 469 1279 quippe
509 1227 666 1266 tanto
707 1220 935 1265 conatui
971 1222 1126 1265 unice
1157 1238 1375 1280 parem,
1426 1222 1499 1265 ad

104 1287 247 1330 illud
285 1286 343 1329 in
378 1281 438 1330 ‘se
485 1284 880 1343 recipiendum,
929 1286 1114 1331 sedulo
1157 1289 1496 1332 exhortetur.

106 1355 252 1409 Quae
288 1354 569 1396 conversio
606 1353 717 1396 dici
744 1353 849 1394 vix·
867 1357 1073 1409 potest,
1126 1368 1284 1411 quam
1314 1355 1497 1409 exqui-

68 1417 265 1462 ‘sitam
306 1423 498 1473 poetae
539 1424 712 1462 artem
756 1417 814 1459 in
847 1419 1085 1478 Augusti
1118 1419 1497 1478 magnitudine

103 1483 565 1540 repraesentanda
608 1481 963 1543 augendaque
992 1484 1277 1536 ostendat,
1323 1485 1498 1528 maxi-

104 1564 211 1596 me,
248 1547 298 1589 si
323 1564 437 1591 eum
464 1549 520 1591 vi
540 1563 604 1591 ac
639 1549 839 1603 spiritu
862 1548 1029 1604 plane
1063 1549 1355 1593 Pindarico
1383 1549 1495 1594 ista

102 1604 364 1673 profiteri
390 1613 589 1657 videas.
634 1607 892 1656 Ita‘'enim
921 1613 1017 1657 lzoc
1048 1629 1266 1657 carmen
1297 1614 1497 1660 instru-

100 1681 188 1723 xit
233 1684 421 1736 poeta,
473 1685 530 1722 ut
566 1677 854 1722 Pindarici
892 1678 1104 1738 ingenii
1128 1681 1495 1739 gravitatem,

99 1737 610 1805 magnficentiam,
670 1744 804 1788 adde
859 1747 1020 1787 etiam
1075 1744 1496 1791 redundantiam

100 1802 264 1864 (inde
302 1826 336 1854 a
364 1824 410 1854 υ.
441 1805 525 1872 5.)
563 1809 788 1869 adsequi
807 1811 1040 1853 voluisse
1073 1810 1247 1854 videri
1274 1812 1497 1866 debeat,

99 1877 202 1919 etsi
228 1877 444 1920 omnino
479 1876 626 1925 inde,
666 1871 948 1934 quodfere
982 1876 1153 1933 intpp.
1184 1877 1394 1930 volunt,
1424 1879 1494 1920 ab

99 1943 337 1986 Antonio
383 1943 431 1986 ei
461 1941 857 1993 VPindaricum‚
894 1956 993 2000 quo
1032 1943 1272 2002 Augusti
1312 1945 1497 1986 trium-

98 2007 260 2064 phum
301 2007 624 2061 extolleret,
674 2021 891 2050 carmen
934 2005 1241 2063 injunctum
1279 2004 1494 2066 fuisse,

99 2077 338 2119 statuere
367 2074 465 2116 vix
492 2086 700 2117 necesse
727 2073 986 2116 arbitror.
1020 2075 1163 2116 Dum
1190 2079 1369 2117 autem
1389 2089 1493 2116 mu-

98 2151 201 2180 nus
243 2138 391 2181 istud
413 2140 648 2182 Antonio
701 2136 1016 2188 demandat,
1055 2139 1345 2194 singulare
1375 2153 1497 2195 poe-

100 2207 189 2246 tae
212 2195 518 2263 artificium
549 2204 693 2255 vide,
745 2219 845 2260 quo
873 2205 984 2260 ipse
1012 2204 1154 2247 illud
1173 2235 1185 2253 ‚
1238 2219 1335 2261 per
1369 2219 1492 2261 par-

101 2274 180 2310 tes
218 2269 388 2312 eundo
420 2285 482 2312 ac
517 2269 929 2325 praecipiendo.
982 2285 1116 2327 quae
1156 2270 1349 2313 in1ist0
1378 2285 1496 2314 car-

96 2333 240 2376 mine
262 2334 493 2378 describi
520 2338 739 2393 cupiat,
778 2336 998 2391 explere
1031 2341 1259 2378 conatus
1285 2337 1371 2378 sit.
1424 2336 1494 2378 In

98 2414 198 2457 quo
230 2400 393 2442 eliam
431 2400 574 2444 illud
615 2401 1086 2445 animadversione
1126 2401 1353 2461 dignum
1385 2406 1494 2445 est.

93 2464 353 2523 quod.qzzo
368 2467 544 2525 magis
561 2468 1018 2527 vigerentomnia‚
1034 2481 1142 2510 rem
1157 2466 1228 2511 ad
1242 2481 1493 2525 pompam

99 2530 481 2586 triumphalem
526 2533 905 2583 transtulerit,
961 2548 1284 2591 carmenque
1331 2533 1497 2590 epini-

102 2595 242 2638 ciam
279 2611 394 2639 cum
420 2592 695 2654 formulis
742 2598 1135 2655 triumphatori
1182 2597 1495 2642 adclam‘vri

100 2660 280 2705 solitis
305 2661 470 2718 plane
503 2665 911 2710 commiscuerit.
955 2666 1102 2729 Quod
1134 2664 1305 2713 ipsum
1334 2679 1496 2723 quun

1128 2729 1177 2772 X
1218 2728 1237 2754 2
