1737 3054
739 212 797 221 ...
883 197 968 239 218
1057 212 1115 222 ..-

230 303 324 338 nihil
342 306 498 355 amplius
519 307 647 350 docet,
670 319 775 359 quarn
793 307 975 344 Catonem
999 307 1083 342 run·
1098 306 1254 345 subinde
1277 308 1413 343 lautius
1427 320 1619 355 coenasse,

229 359 296 409 (ἦν
327 364 364 401 δὲ
403 369 460 403 καὶ
478 365 518 405 τι)
550 369 680 404 δεῖπνον
706 367 797 404 αὐτῶ
828 368 864 403 ἐν
895 365 986 416 ἀγρῷ
1018 368 1291 417 δαψιλέστερον·
1319 371 1457 422 reliqna
1492 373 1590 406 enim
1613 397 1626 413 ,

227 442 323 480 quae
359 441 582 484 sequuntur,
617 434 668 467 και·
707 431 888 474 συνδιῆγεν
920 431 1052 480 ἱλαρῶς
1085 436 1121 468 οὐ
1155 438 1221 467 τός
1243 433 1320 466 καθ’
1343 434 1481 473 ἠλικίαν
1499 432 1617 474 μόνοις

227 489 309 530 ἠδιῖς
329 484 366 524 οἷν
386 495 644 538 συγγενέσθαι,
676 497 731 527 καί
755 493 930 534 ιοθεινδς,
960 494 1061 526 ἀλλοὶ
1084 497 1138 529 καὶ
1161 497 1226 527 τοῖς
1251 493 1358 537 νέοις,
1390 493 1435 528 atl
1474 494 1614 529 hilares

225 554 305 599 ejus
327 554 620 607 commodosque
651 567 772 591 mores
794 557 916 603 potius
943 567 1053 605 quam
1076 555 1123 590 ad
1148 560 1440 608 compotationes
1465 555 1619 592 referas.

223 615 388 652 Praestat
411 619 518 665 igitur
536 620 584 654 ad
610 619 786 654 Catonem
809 618 1025 653 Uticensem
1049 615 1202 662 referre,
1228 632 1337 670 quem
1361 620 1448 653 satis
1473 625 1619 654 constat

223 681 465 726 provectiore
497 681 657 715 maxime
693 687 835 723 aetate,
871 680 958 713 vino
983 680 1066 725 plus
1092 683 1189 728 justo
1212 680 1425 716 indulsisse.
1475 683 1523 715 At
1545 682 1616 716 hoc

225 737 378 774 Catonis
401 741 554 786 junioris
584 741 794 789 exemplum
816 749 949 787 negent
974 742 1063 776 satis
1087 749 1213 789 aptum
1247 752 1328 776 esse
1358 743 1392 777 h.
1417 743 1444 780 l.
1477 744 1617 791 partim

222 800 327 850 quod
358 801 479 835 notius
507 813 550 836 ac
585 803 768 838 recentius
790 802 925 845 fuerit,
954 800 1090 853 dequo
1115 809 1240 838 tamen
1264 811 1373 852 poeta
1399 803 1515 839 fando
1543 811 1621 838 tan-

224 868 302 894 tum
323 861 545 907 (narratur)
565 862 635 898 sibi
660 873 827 901 constare
853 865 981 910 dicat;
1006 867 1158 915 partim,
1179 862 1279 915 quod
1302 863 1468 899 Messala
1492 877 1620 913 parum

222 922 425 960 honorifice
449 937 531 960 cum
566 925 633 960 illo
671 926 815 963 Catone
849 934 1110 976 comparetur,
1135 929 1205 977 qui'
1225 934 1260 962 et
1283 927 1558 976 tempestiviora
1581 929 1618 962 et

217 982 394 1020 liberiora
417 988 583 1024 convivia
604 989 825 1035 agitaverit,
860 997 1061 1033 noctesque
1086 990 1367 1039 perpotaverit3
1394 987 1493 1040 quod
1514 987 1620 1024 deni·

216 1059 293 1096 que
315 1046 468 1092 priscus
488 1051 577 1085 satis
601 1049 693 1086 dure
714 1059 822 1102 atque
843 1051 1046 1086 insolenter
1066 1050 1211 1086 dicatur
1230 1053 1275 1095 is,
1291 1053 1353 1103 qui
1380 1052 1518 1087 severis
1542 1062 1621 1085 mo·

217 1106 320 1144 ribus
344 1108 534 1158 praeditus
560 1113 619 1146 sit.
646 1111 723 1148 Sed
745 1114 814 1148 hoc
841 1116 966 1163 paucis
989 1115 1039 1148 ita
1075 1113 1282 1156 videbitur,
1302 1111 1436 1164 quibus
1460 1114 1619 1162 exquisi-

217 1170 291 1204 tior
310 1170 417 1218 hujus
440 1175 540 1208 vocis
562 1175 617 1208 vis
637 1176 764 1221 ignota
786 1179 853 1209 est·
882 1174 940 1208 Ita
966 1185 1053 1209 vera
1076 1173 1212 1210 Catuli.
1233 1174 1372 1211 LXIV.
1400 1184 1477 1218 150.
1496 1172 1618 1206 Saeva

219 1231 321 1276 quod
343 1232 525 1267 horrebas
546 1237 659 1285 prisci
684 1241 887 1280 praecepta
907 1237 1072 1282 parentis
1089 1260 1098 1276 ‚
1126 1236 1164 1270 h.
1190 1236 1319 1283 Aegei.
1342 1234 1452 1270 Plura
1478 1234 1554 1271 vid.
1570 1233 1619 1269 ad

216 1294 264 1331 V.
290 1306 347 1340 13.
367 1305 404 1339 5.
424 1294 559 1331 adlata.
585 1296 748 1334 Omnino
775 1305 895 1333 autem
919 1310 1027 1348 quum
1046 1296 1247 1332 Messalam
1268 1305 1379 1346 poeta
1403 1297 1537 1332 illustri
1553 1295 1622 1332 ali·

219 1371 293 1407 quo
316 1357 486 1408 exemplo
509 1358 832 1395 commonefacere
857 1359 997 1401 vellet,
1021 1358 1079 1393 vel
1103 1360 1359 1405 gravissimum
1379 1360 1497 1393 virum
1519 1358 1620 1395 haud

219 1417 401 1455 dedecere
429 1418 644 1456 liberiorem
669 1422 1014 1469 compotationem3
1038 1422 1075 1454 in
1099 1426 1248 1469 promtu
1262 1427 1342 1455 erat
1369 1419 1465 1456 Cato
1479 1429 1621 1464 noster,

217 1482 273 1515 vir
293 1483 368 1517 vini
396 1482 549 1528 quidem
582 1481 841 1532 adpetentior,
882 1481 983 1517 idem
1008 1489 1134 1516 tamen
1157 1480 1398 1523 incredibili,
1423 1493 1537 1532 quam
1559 1495 1622 1518 na-

215 1552 296 1578 tura
320 1543 503 1586 habebat,
530 1557 713 1596 quamque
740 1552 917 1593 perpetua
938 1546 1146 1579 constantia
1176 1544 1514 1584 corroboraverat,
1536 1555 1620 1591 gra·

214 1607 330 1641 vitate
355 1608 458 1650 (sunt
481 1605 591 1641 verba
618 1605 698 1642 Cic.
725 1604 770 1641 de
799 1602 870 1641 Off.
894 1605 924 1639 Ι.
946 1616 1005 1644 31.
1021 1607 1036 1648 )
1055 1608 1300 1655 οοηη)ἰοιιυε;
1326 1606 1421 1641 adeo
1441 1606 1616 1657 quidem,

214 1676 251 1702 ut
277 1668 346 1703 hoc
366 1667 561 1703 ebrietatis
583 1669 713 1702 vitium
745 1669 781 1702 in
807 1670 888 1704 viva
909 1668 978 1703 hac
1017 1670 1188 1702 virtutum
1215 1669 1377 1714 imagine
1405 1669 1619 1704 excusatius

213 1729 428 1772 haberetur,
456 1743 499 1765 ac
530 1743 647 1778 paene
671 1730 812 1766 honesti
836 1745 968 1767 nomen
995 1731 1195 1766 obtineret.
1219 1729 1343 1781 Atque
1369 1732 1419 1765 ita
1447 1736 1619 1766 constan-

215 1797 271 1825 ter
295 1789 516 1841 loquuntur‚
551 1788 675 1825 sicubi
698 1792 924 1826 mentionem
951 1793 1058 1826 istius
1078 1793 1131 1827 rei
1164 1791 1328 1834 faciunt,
1363 1800 1507 1827 veteres
1529 1794 1618 1826 scri-

211 1858 351 1901 ptores.
376 1850 519 1887 Seneca
543 1850 590 1886 de
617 1852 782 1903 Tranqu.
809 1864 888 1902 cap.
910 1858 1005 1888 extr.
1033 1853 1169 1886 Catoni
1185 1851 1345 1887 ebrietas
1366 1853 1512 1898 objecta
1532 1857 1613 1887 est:

198 1911 364 1961 jhc-ilius
385 1913 552 1960 efficiet,
581 1913 754 1960 quisquis
774 1913 974 1961 objecerit,
998 1915 1069 1949 hoc
1087 1913 1233 1950 crimen
1252 1915 1472 1956 honestum,
1499 1926 1617 1960 quam

211 1979 364 2016 turpem
394 1975 592 2010 Catonem.
627 1976 828 2012 Caesarem
855 1990 999 2029 quoque
1032 1978 1210 2013 Catonem
1239 1975 1286 2012 ob
1313 1975 1386 2011 hoc
1413 1977 1464 2011 ita
1487 1988 1615 2026 repre-

211 2036 409 2078 hendisse,
460 2041 498 2070 ut
534 2036 726 2080 laudaret,
763 2037 880 2073 tradit
919 2039 1016 2073 Plin.
1040 2038 1135 2088 Epp.
1156 2037 1226 2071 ΙΙΙ.
1255 2047 1310 2073 12-
1343 2050 1453 2088 quem
1485 2038 1609 2073 locum

209 2100 361 2133 omnino
396 2097 479 2133 vide
507 2098 571 2132 sis.
612 2096 721 2133 Adde
746 2099 918 2137 ·Martial.
945 2100 997 2137 ΙΙ.
1023 2107 1079 2145 89.
1108 2098 1222 2145 Quod
1242 2098 1363 2133 nimio
1380 2098 1528 2144 gaudes
1548 2109 1615 2133 no-

211 2162 310 2191 ctem
327 2157 538 2201 producere
558 2159 666 2196 virm,-
693 2159 872 2206 ignosco:
898 2159 1037 2194 vitium
1053 2187 1064 2203 ,
1092 2160 1243 2202 Gaure,
1282 2160 1438 2195 Catonis
1459 2159 1591 2196 habes.

306 2231 340 2253 v.
366 2221 405 2256 13
428 2229 511 2266 sqq.
547 2220 580 2254 A
618 2219 757 2257 Catone
782 2223 905 2259 facilis
928 2236 972 2258 ac
994 2222 1104 2273 plane
1140 2221 1313 2257 naturalis
1336 2225 1507 2258 transitus
1532 2229 1616 2258 erat

211 2281 257 2316 ad
280 2279 413 2317 effi-cta
434 2283 509 2316 vini
531 2282 566 2316 in
589 2283 676 2317 viris
699 2296 782 2321 sese
808 2286 1030 2335 prodentia,
1055 2285 1118 2336 qui
1146 2285 1275 2319 Catoni
1301 2294 1387 2319 sunt
1411 2283 1611 2329 simillimi,

210 2343 248 2377 h.
274 2343 335 2379 vel
374 2352 500 2378 natura
529 2357 657 2391 graves
694 2353 803 2396 atque
830 2351 972 2390 severi,
997 2345 1059 2382 vel
1082 2347 1260 2381 continuo
1280 2357 1407 2381 ‘rerum
1427 2345 1613 2380 abstrusa-

209 2415 290 2439 rum
312 2405 434 2439 studio
460 2405 508 2440 ad
533 2408 753 2451 gravitatem
780 2409 999 2457 compositi,
1021 2406 1058 2441 h.
1082 2406 1314 2457 philosophi,
1337 2407 1486 2457 qualem
1510 2406 1612 2442 Mes·

211 2463 331 2500 salam
357 2465 472 2501 fuisse
500 2467 559 2503 vel
581 2481 600 2502 e
630 2481 659 2502 v.
685 2476 717 2509 3.
743 2471 857 2504 nostri
886 2469 1060 2505 carminis
1087 2467 1232 2504 abunde
1267 2477 1421 2505 constat.
1448 2467 1612 2517 Adposi-

210 2535 286 2562 tum
309 2529 417 2574 igilur
448 2536 528 2570 est,
565 2530 663 2580 quod
696 2531 769 2566 hoc
786 2533 1020 2581 potissimum
1051 2532 1198 2567 nomine
1225 2540 1336 2581 poeta
1360 2533 1432 2566 vini
1457 2532 1609 2566 virtutes

210 2588 416 2636 praedicat.
447 2590 580 2626 Vinum
605 2596 796 2626 tormenta
824 2593 1015 2636 admovet,
1042 2592 1173 2643 quibus
1201 2590 1384 2644 expugnet
1409 2591 1608 2639 ingenium

210 2651 373 2695 duram,
408 2655 522 2689 animi
559 2653 732 2692 duritiem
749 2681 760 2700 ,
792 2661 1026 2693 severitatem
1045 2682 1055 2698 ,
1089 2656 1365 2699 morositatem3
1388 2668 1454 2705 per
1477 2669 1608 2691 conse-

1734 818 1737 862 ῑ

1734 881 1737 934 ἒ

1734 939 1737 1007 ἰ

1733 1010 1737 1080 ἒ

1732 1081 1737 1182 ἒ
