1737 3054
649 200 996 246 „93-

153 315 276 344 autem
309 305 448 342 donare
474 301 618 355 aliquid
652 304 791 346 alicui,
828 304 868 339 h.
905 304 941 338 in
976 302 1126 339 alterius
1165 305 1321 350 gratiam
1344 307 1534 343 remittere

150 368 315 420 aliquid,
362 375 399 403 ut
431 365 514 402 Cic.
533 364 581 402 ad
601 364 688 401 Div.
716 363 764 402 V,
785 376 822 406 4.
851 363 1084 398 inimicitias
1106 363 1200 409 reip.
1223 364 1385 409 donare,
1413 376 1447 402 et
1474 367 1536 404 do.

146 443 229 467 nare
258 429 421 474 aliquem
458 427 593 472 alieni,
643 427 682 461 h.
715 427 757 460 in
788 427 943 460 alterius
987 427 1139 472 gratiam
1185 426 1297 463 alicui
1332 429 1538 474 ignoscere.

101 508 105 511 ’
146 493 279 528 sustin.
309 489 458 526 XXXII.
484 501 516 525 2.
538 501 574 535 5.
610 493 653 522 ut
683 486 911 532 adpareret,
945 502 990 514 -—
1036 486 1224 523 donatum
1238 486 1332 534 filio
1359 491 1538 534 patrem,

144 554 182 589 h.
229 552 346 588 filium
390 553 624 588 Demetrium
669 549 843 599 Philippo
883 548 981 598 patri
1027 550 1169 585 veniam
1223 550 1441 587 obtinuisse.
1493 568 1539 579 --

143 619 204 655 32.
248 613 360 650 Troia
397 613 597 658 sacerdos,
629 612 725 657 Ilia,
756 611 824 648 sed
861 611 1022 647 alterum
1042 626 1124 648 cum
1160 616 1221 655 vi,
1260 621 1300 651 ut
1331 626 1441 651 causa
1472 620 1541 650 sta-

146 677 236 720 tim,
275 674 324 711 ob
361 688 470 727 quam
489 686 607 725 nepos
627 673 765 709 Junoni
789 674 930 709 invisus
953 681 1084 717 essetf
1108 677 1295 725 adpareat.

237 742 298 782 35.
323 736 411 784 Ego
432 736 590 781 patiar,
631 738 793 781 graviter
824 744 862 770 et
887 748 969 770 cum
992 735 1174 781 dignitate
1191 764 1201 781 ,
1228 751 1294 787 pro
1319 741 1443 781 tenui,
1474 750 1545 786 ego

145 799 245 836 haud
285 799 442 850 amplius
486 796 723 849 repugnabo,
770 796 1027 839 intercedam,
1073 812 1147 849 quo
1166 801 1286 835 minus
1323 802 1420 837 inter
1455 802 1547 839 deos

143 860 326 898 Romulus
367 862 582 911 recipiatur.
642 858 880 896 Postremum
919 860 1106 909 exquisita
1136 863 1242 910 copia
1285 864 1416 898 extulit
1458 879 1546 912 poe-

146 933 197 960 ta.
251 923 366 957 Sedes
396 924 557 959 Deorum
596 921 774 964 lucidas,
822 914 966 962 δέοματοι
993 926 1250 967 μαρμαίροντα
1273 950 1284 966 ,
1331 923 1544 969 αἰγλήεντοι,

144 984 365 1035 Olympum,
390 1001 437 1010 -
477 993 607 1016 succos
645 981 835 1023 nectaris,
880 988 1008 1015 nectar
1046 982 1205 1025 ducere,
1246 989 1380 1025 ελκειν,
1415 986 1547 1023 bibere

142 1043 245 1080 Vid.·
283 1043 332 1081 ad
375 1044 408 1079 I.
462 1055 521 1089 17.
568 1053 629 1080 22.
689 1041 802 1078 Adde
847 1042 977 1091 Eurip-
1036 1043 1147 1088 Cycl.
1190 1048 1270 1087 416.
1315 1044 1458 1085 ἔςπασεν
1517 1047 1547 1082 τ’

143 1103 297 1149 ἄμυστιν
339 1103 500 1140 ἑλκύσας.
560 1107 618 1142 De
667 1113 818 1142 nectare
858 1105 1187 1143 immortalitatem
1218 1111 1438 1148 conciliante
1469 1112 1546 1150 vid.

142 1164 195 1202 ad
226 1180 261 1204 v.
303 1178 360 1203 12.
395 1168 507 1204 Adde
529 1167 680 1218 Apulei.
709 1182 749 1217 p.
789 1167 872 1209 426.
901 1167 986 1203 oud
1011 1186 1050 1194 —
1075 1179 1132 1213 35.
1158 1176 1196 1204 et
1221 1172 1391 1208 adscribi
1413 1174 1546 1210 referri

144 1230 241 1266 inter
273 1230 428 1266 ordines
464 1230 611 1276 quietos
640 1228 842 1271 Deorum,
879 1227 990 1264 docte
1012 1243 1103 1280 pro,
1132 1234 1167 1266 in
1188 1232 1358 1269 ordinem
1380 1236 1547 1272 Deorum

140 1294 364 1344 quietorum.
415 1292 448 1327 A
483 1291 624 1343 populo
660 1293 831 1329 Romano
856 1290 1009 1327 ductum
1043 1304 1124 1328 esee
1147 1297 1326 1331 orationis
1350 1297 1541 1342 colorem,

140 1354 255 1391 facile
277 1363 333 1390 est
355 1354 497 1390 videre.
547 1353 690 1391 Eodem
701 1355 840 1404 passim
867 1353 1050 1388 Lucianus
1063 1366 1148 1390 usus
1160 1364 1229 1399 est,
1249 1357 1413 1393 velutiin
1429 1358 1543 1396 Cone.

141 1416 224 1452 DD.
250 1416 297 1451 T.
318 1414 392 1454 ΙΙΙ.
413 1429 450 1466 p.
476 1426 558 1462 529.
594 1414 657 1457 ubi
684 1428 704 1450 a
729 1414 860 1450 Momo
886 1415 1251 1459 καρεγγεγρκμμένοι
1276 1418 1340 1452 Dii
1361 1420 1513 1469 quidam
1530 1448 1542 1465 ,

142 1477 180 1513 h.
203 1479 266 1529 qui
289 1477 385 1515 clam
410 1479 448 1512 in
472 1476 615 1512 tabulas
644 1473 840 1512 censuales
873 1473 980 1510 relati
1005 1481 1111 1517 sunt,
1143 1477 1395 1526 proferuntur.
1430 1482 1542 1519 Adde

142 1541 257 1590 Apul,
292 1554 329 1591 p,
369 1549 450 1581 425.
496 1557 544 1566 -·
592 1538 656 1572 Dii
695 1536 839 1584 quieti,
876 1549 1044 1573 securum
1075 1547 1232 1584 agentes
1267 1551 1428 1587 aevum,
1470 1544 1542 1589 (I.

140 1603 259 1638 Serm.
295 1602 339 1636 V.
363 1603 479 1641 101.)
519 1600 644 1642 beati,
680 1600 862 1646 μάκαρες,
901 1611 945 1635 ex
973 1602 1125 1652 antiqua
1148 1601 1194 1637 de
1207 1603 1368 1639 Deorum
1386 1607 1458 1640 vita
1480 1619 1545 1642 no.

140 1667 252 1700 tione,
300 1661 411 1698 Unde
457 1656 663 1712 ἆφρὸντιδες
695 1658 924 1705 εὖωχεῖσθαιτ
949 1662 1120 1698 dicuntur
1142 1663 1295 1700 Lucian.
1318 1666 1401 1704 DD.
1428 1668 1542 1706 Deor.

135 1725 268 1762 XXIV.
303 1725 352 1760 T.
397 1724 428 1760 1.
459 1739 497 1776 p.
541 1724 625 1767 276.
662 1722 809 1759 ‘Eadem
858 1719 1004 1768 ἦσυχίοις
1045 1727 1148 1762 notio
1190 1735 1245 1763 est
1290 1728 1389 1778 apud
1430 1729 1539 1767 Pind.

134 1788 244 1826 Nem.
269 1790 302 1824 1.
327 1796 408 1831 107.
435 1787 481 1825 de
501 1785 664 1823 Hercule
685 1788 780 1822 inter
805 1787 905 1822 Deos
929 1786 1059 1823 relato.

227 1863 262 1885 v.
288 1852 348 1897 37.
382 1850 554 1886 Servatur
587 1861 607 1884 a
637 1855 750 1898 poeta
771 1847 810 1883 τὸ
836 1844 972 1896 πρέπον
997 1851 1032 1884 in
1061 1850 1215 1888 Iunonis
1237 1865 1394 1903 persona
1421 1860 1535 1892 etiam

134 1913 340 1956 hactenus,
376 1911 475 1964 quod
517 1912 698 1947 Romanis
738 1912 937 1962 imperium
976 1912 1079 1947 orbis
1128 1922 1308 1951 terrarum
1349 1918 1446 1954 haud
1481 1921 1536 1954 in—

134 1975 286 2020 videat,
312 1975 398 2011 dum
421 1989 468 2011 ne
494 1974 652 2022 Troiam
678 1975 812 2010 iterum
840 1981 1055 2016 exstruant3
1081 1989 1175 2027 quae
1200 1977 1282 2013 sola
1303 1981 1375 2029 ipsi
1401 1981 1538 2016 irarum

135 2050 246 2074 causa
276 2039 482 2076 exstiterat.
532 2036 765 2072 Dummodo
794 2037 933 2083 longus
955 2042 1115 2084 pontus,
1142 2048 1282 2076 vastum
1308 2054 1423 2086 mare,
1450 2041 1538 2077 dum

134 2112 236 2135 mare
268 2099 379 2148 longe
407 2098 583 2141 saeviat,
619 2111 728 2152 quam
768 2107 896 2135 ornate
927 2111 1020 2148 pro,
1071 2101 1308 2150 interjectum
1338 2104 1419 2144 sit,
1465 2103 1537 2139 dis-

131 2166 257 2213 jungat
290 2164 450 2199 Romam
489 2162 540 2199 ab
572 2161 672 2209 llio;
711 2170 746 2198 et
780 2162 854 2199 hoc
886 2175 977 2214 pro:
1018 2163 1107 2199 dnm
1132 2177 1177 2199 ne
1200 2172 1337 2200 terram
1361 2165 1457 2201 hanc
1482 2167 1538 2201 in·

132 2224 278 2267 colant,
323 2225 508 2277 Iliumque
529 2225 734 2262 instaurent
764 2226 937 2262 Romani.
964 2244 1010 2254 —
1039 2225 1232 2270 Exsules,
1265 2227 1449 2271 Romani,
1484 2228 1532 2264 ab

138 2288 266 2322 Aenea
305 2287 464 2337 profugo
509 2287 681 2332 oriundi;
740 2294 778 2324 at
817 2301 929 2340 quam
976 2289 1199 2326 invidiosum
1246 2291 1404 2327 alterum
1432 2292 1440 2326 !
1485 2310 1531 2319 —

132 2348 174 2382 in
204 2347 372 2394 qualibet
418 2358 595 2387 terrarum
627 2356 743 2399 parte
784 2357 972 2399 regnanto
992 2379 1008 2402 ἱ,
1054 2359 1244 2398 regnent,
1296 2352 1344 2388 ad
1385 2355 1533 2405 quasvis

131 2416 313 2444 terrarum
359 2410 450 2447 orae
479 2413 627 2462 imperii
671 2413 727 2448 eni
762 2411 854 2449 fines
892 2412 1117 2464 proferant,
1163 2413 1373 2467 ubicunque
1415 2417 1529 2465 impe-

131 2480 227 2509 rent.
254 2491 302 2500 —
331 2471 525 2510 beati‘hoe
552 2476 657 2525 ipso,
704 2474 903 2527 quod‘late
928 2483 1100 2526 regnent.
1149 2480 1320 2514 Acumen
1344 2479 1529 2529 quaesivit

127 2540 238 2583 poeta
263 2535 299 2569 in
325 2549 382 2570 w.
413 2535 567 2570 exsules
588 2543 626 2572 et
650 2534 765 2570 beati.

223 2603 284 2634 4ο.
314 2596 411 2632 Dum
439 2597 561 2647 Troja
588 2611 688 2635 mera
718 2601 888 2636 vastities
926 2600 988 2637 sit.
1046 2599 1230 2651 Adprime
1265 2602 1437 2638 convenit
1469 2601 1529 2638 Jue

126 2660 232 2696 nonin
272 2661 508 2699 commotiori
549 2663 671 2699 animo
699 2662 793 2701 haec
823 2662 993 2713 ejusdem
1025 2663 1107 2701 fere
1127 2665 1355 2710 sententiae,
1390 2665 1429 2703 in
1454 2676 1527 2706 ma·
