1737 3054
604 193 659 205 -—
748 179 832 226 307
922 200 978 210 -.

95 290 348 347 Adduxere
376 292 504 332 sitim
533 295 786 349 tempora,
823 290 1029 352 Vii'gili:

98 356 192 399 Sed
213 371 434 415 pressum
465 355 657 398 Calibus
692 354 872 400 ducere
898 358 1139 405 Liberum

97 420 146 463 Si
170 425 346 482 gestis,
381 418 616 475 juvenum
652 421 892 466 nobilium
928 424 1104 482 cliens,

345 483 510 528 Nardo
549 486 659 530 vina
697 488 975 533 merebere.

94 609 244 655 Nardi
268 626 445 670 parvus
475 626 601 670 onyx
632 609 792 654 eliciet
818 610 1024 665 cadum,

96 675 192 738 Qui
219 693 348 720 nunc
377 675 604 734 Sulpiciis
636 674 842 719 adcubat
868 675 1058 721 horreis
1077 708 1090 731 ‚

95 742 214 801 Spes
245 742 428 786 donare
452 757 599 785 novas
649 741 845 801 largus,
893 756 1160 804 amaraque

349 808 594 851 curarum
623 806 788 851 eluere
827 806 1013 850 efficax.

94 925 164 971 Ad
192 942 314 988 quae
349 926 385 970 si
411 941 647 986 properas
677 926 883 988 gaudia,
921 942 1033 971 eum
1065 935 1147 972 tua

94 992 247 1037 Velox
274 1008 439 1036 merce
475 993 615 1036 veni·
652 1009 749 1035 non
782 1009 871 1054 ego
898 997 943 1034 te
982 998 1102 1036 meis

93 1059 377 1102 Immunem
409 1057 624 1101 meditor
655 1058 846 1118 tingere
886 1057 1104 1116 poculis,

345 1122 490 1173 Plena
520 1124 653 1168 dives
680 1131 734 1168 ut
765 1128 814 1167 in
842 1125 1009 1173 domo.

94 1247 280 1288 Verum
307 1260 434 1304 pone
460 1261 623 1288 moras
661 1252 707 1289 et
730 1243 946 1289 studium
983 1246 1137 1290 lucri:

96 1307 463 1370 Nigrorumque
490 1323 709 1365 memor,
747 1310 866 1354 dum
904 1310 1045 1364 licet,
1082 1312 1308 1374 ignium,

97 1374 253 1419 Misce
282 1375 541 1419 stultitiam
571 1376 781 1420 consiliis
816 1377 1047 1421 brevem:

99 1440 256 1484 Dulce
297 1448 366 1485 est
398 1441 621 1502 desipere
653 1446 701 1485 in
733 1441 858 1487 loco.

558 1578 1028 1608 mmmmmvsn

724 1741 869 1788 XIII.

520 1869 555 1910 A
588 1867 633 1911 D
703 1867 744 1909 L
780 1866 820 1909 Y
854 1858 962 1910 ΟΕ
997 1865 1056 1910 Ν.

591 2005 985 2031 mmmmm

99 2090 422 2196 Audivere,
456 2141 616 2201 Lyce,
653 2141 719 2185 Di
754 2157 865 2185 mea
899 2147 1042 2194 vota,
1080 2139 1145 2185 Di

100 2208 367 2261 Audivere,
401 2209 550 2268 Lyce.
620 2208 699 2251 Fis
738 2225 888 2260 anus,
927 2214 973 2251 et
1009 2215 1175 2252 lamen

166 2277 248 2318 Vis
279 2274 494 2319 formosa
521 2273 710 2324 videri,

231 2340 480 2402 Ludisque
509 2348 555 2384 et
585 2340 710 2384 bibis
740 2338 1025 2400 impudens,

100 2469 161 2514 Et
189 2477 331 2514 cantu
360 2470 572 2514 tremulo
607 2478 724 2530 pota
756 2468 1050 2529 Cupidinem

101 2537 320 2581 Lentum
344 2536 591 2581 sollicitas.
661 2537 750 2580 Ille
785 2536 986 2581 virentis
1025 2544 1074 2582 et

168 2604 355 2648 Doctae
386 2601 594 2662 psallere
633 2601 778 2646 Chiae

236 2668 456 2715 Pulchris
494 2668 698 2714 excubat
727 2674 775 2712 in
814 2671 968 2729 genis.

1431 825 1492 854 20

1435 1245 1497 1295 25
