1737 3054
633 199 1005 237 ..3η-

761 300 869 346 XV.

332 404 803 452 AUGUSTI
879 409 1306 457 LAUDES.

628 546 1020 570 mmm

116 648 388 745 Phoebus
414 699 665 744 volentem
693 699 883 760 proelia
909 715 990 745 me
1018 701 1155 765 loqui

117 766 282 812 Victas
312 772 360 810 et
390 766 557 818 urbis,
591 762 840 826 increpuit
867 765 973 826 lyra
991 798 1005 821 ‚

178 834 251 877 Ne
293 847 443 894 parva
487 830 811 891 Tyrrhenum
857 847 949 890 per
978 849 1164 895 aequor

373 897 494 942 Vela
531 896 720 943 darem.
765 898 904 953 Tua,
941 899 1145 956 Caesar,
1184 907 1314 949 aetas

113 1059 303 1120 Fruges
335 1066 384 1104 et
420 1058 551 1119 agris
588 1058 760 1103 retulit
784 1057 991 1112 uberes,

111 1124 174 1170 Et
217 1130 352 1187 signa
378 1132 549 1169 nostro
587 1124 807 1169 restituit
831 1126 966 1177 Jovi,

175 1191 397 1252 Dei-epta
422 1190 721 1234 Parthorum
747 1192 971 1251 superbis

367 1254 619 1311 PostihuS,
656 1263 703 1300 et
733 1271 945 1301 vacuum
974 1254 1152 1301 duellis

105 1412 287 1456 Janum
311 1412 580 1474 Quirinum
604 1412 776 1469 clusit,
812 1420 860 1459 et
895 1412 1122 1458 ordinem

106 1476 317 1522 Rectum
343 1483 568 1540 evaganti
594 1477 732 1522 frena
759 1480 1016 1524 Licentiae

175 1543 380 1605 Injecit,
417 1547 698 1603 emovitque
719 1543 886 1605 culpas
901 1577 916 1599 ‚

363 1607 427 1653 Et
447 1615 639 1653 veteres
666 1609 916 1655 revocavit
941 1613 1088 1654 artis:

99 1771 192 1814 Per
221 1784 338 1830 quas
373 1769 611 1814 Latinum
644 1783 827 1813 nomen
857 1775 906 1813 et
930 1769 1081 1814 Italae

101 1837 312 1880 Crevere
338 1834 496 1886 vires,
531 1833 761 1895 famaque
791 1841 836 1879 et
862 1834 1050 1896 imperi

163 1901 392 1946 Pon-ecta
424 1897 652 1962 majestas
691 1899 752 1943 ad
777 1906 944 1945 ortum

362 1966 486 2011 Solis
529 1966 587 2010 ab
618 1967 856 2026 Hesperio
898 1959 1072 2010 cubili.

101 2125 314 2171 Custode
342 2143 513 2172 rerum
542 2128 774 2179 Caesare,
816 2142 915 2170 non
949 2123 1092 2169 furor

103 2191 266 2237 Civilis
298 2200 381 2237 aut
409 2193 480 2237 vis
515 2197 676 2253 exiget
704 2190 893 2245 otium,

164 2256 273 2302 Non
293 2263 387 2312 ira,
417 2275 541 2320 quae
566 2255 800 2318 procudit
822 2256 979 2307 ensis,

357 2324 419 2368 Et
448 2324 655 2369 miseras
697 2321 922 2368 inimicat
947 2322 1104 2368 urbis.

93 2483 201 2528 Non
220 2515 233 2537 ,
260 2486 342 2545 qui
368 2482 673 2543 profundum
697 2481 990 2528 Danubium
1024 2480 1223 2538 bibunt,

96 2549 268 2595 Edicta
294 2556 527 2609 rumpent
561 2549 715 2594 Julia:
753 2567 851 2595 non
866 2548 1035 2601 Getae,

159 2616 269 2663 Non
296 2615 465 2667 Seres,
500 2613 703 2661 insidive
730 2617 931 2666 Persae,

352 2680 461 2728 Non
485 2680 677 2729 Tanain
705 2697 862 2745 prope
890 2679 1076 2726 flumen
1114 2681 1227 2722 orti.

1443 1494 1500 1522 lo

1435 1897 1493 1944 15

1424 2337 1486 2370 80
