1737 3054
196 324 360 372 capiant,
388 328 425 357 ut
449 321 532 359 inde
563 320 725 359 abstrahi
757 336 933 376 nequeas.
958 325 1106 360 Mirari
1129 329 1225 361 enim
1254 327 1376 374 poetis
1401 330 1482 367 est,
1516 323 1580 361 ob-

194 390 272 418 tutu
293 383 457 420 defixum
482 386 637 422 haerere
660 390 716 429 (ut
739 386 807 421 111.
829 397 890 429 25.
919 389 977 432 14.
1004 387 1056 421 Ut
1079 387 1179 421 mihi
1200 386 1308 420 devio
1331 386 1436 430 ripas
1460 392 1496 420 et
1519 399 1583 421 va·

190 457 304 480 cuum
327 458 460 493 nemus
481 447 618 482 mirari
641 447 757 491 libet)
785 452 819 485 et
850 449 1002 499 quidem
1022 462 1104 484 curn
1134 448 1298 485 laetitiae
1321 462 1425 484 sensu
1452 448 1582 497 (Prop-

188 507 217 542 Ῑ.
245 520 297 543 ιι,
325 519 358 551 3.
373 510 400 551 ),
428 514 507 559 capi
534 510 690 553 alicujus
706 509 888 557 adspectu
913 510 971 555 (ut
994 510 1023 546 I.
1041 523 1074 552 4.
1093 511 1226 556 19.1V.
1248 524 1282 556 9.
1306 516 1360 549 ¹5·
1386 510 1430 544 V.
1453 521 1483 553 3.
1505 510 1583 553 11.)

188 570 365 606 delectari
391 571 514 623 aliqua
536 584 586 607 re.
602 571 704 606 Male
727 569 954 605 confundunt
976 573 1097 620 intpp.
1129 582 1214 606 cum
1241 571 1343 607 verbi
1364 569 1423 604 τοῦ
1447 583 1579 604 amare

188 641 223 668 et
247 643 419 677 spernere
445 646 513 668 usu
537 635 701 681 poetice,
729 645 956 683 pravumque
985 632 1071 668 inde
1093 636 1272 668 canonem
1296 634 1468 668 criticum
1499 643 1583 667 con-

185 695 350 728 stituunt.
379 712 424 720 —
451 703 504 730 ιι.
545 693 693 727 Luxurn
727 691 952 740 deliciasque
979 691 1079 728 urbis
1103 693 1251 728 Romae
1275 694 1467 742 praeclare
1492 707 1584 744 poe-

182 761 218 789 ta
249 757 296 789 ita
315 754 512 804 eloquitur,
540 758 579 787 ut
602 752 799 794 injucundi.
826 751 1063 803 molemque,
1089 753 1189 804 quod
1220 758 1261 788 iis
1284 754 1485 790 admixtum
1508 764 1578 800 est)

183 826 329 850 sensum
363 819 398 848 in
433 814 652 850 Maecenate
681 814 793 848 simul
831 815 963 849 excitet
988 823 1192 866 acuatque,
1224 828 1293 866 quo
1321 816 1464 852 facilius
1496 833 1581 854 eum

183 875 266 911 inde
302 875 472 911 abducat.
508 876 715 911 Immanem
753 878 864 923 igitur
902 877 1096 926 epularum
1122 877 1243 912 luxum
1261 875 1382 922 fumo
1412 879 1583 926 designat

180 946 290 987 poeta
306 964 314 979 ‚
337 951 356 972 e
381 937 548 973 suniariis
574 937 802 987 prodeunte,
825 939 1005 989 tectisque
1027 951 1069 973 ac
1102 937 1239 988 plateis
1266 944 1414 974 aestatis
1438 948 1582 989 tempo-

181 1013 220 1035 re
244 999 307 1042 (ad
321 998 426 1057 (quod
457 1008 601 1051 spectat
625 1000 741 1034 hocce
767 1000 935 1043 carmen)
960 1013 1075 1050 quum
1100 1000 1156 1036 sol
1180 999 1385 1035 altissimus
1406 1007 1475 1043 est,
1496 1013 1582 1036 con-

182 1063 286 1097 tinuo
317 1061 540 1105 incubante,
578 1066 777 1112 aeremque
813 1068 997 1107 gravante.
1025 1062 1155 1099 Senec.
1180 1077 1239 1111 ep.
1271 1061 1370 1096 LIV.
1418 1062 1470 1096 Ut
1501 1062 1582 1106 pri-

179 1134 287 1156 mum
305 1123 547 1169 gravitatem
573 1121 675 1157 urbis
701 1123 851 1157 excessi
863 1150 874 1167 ‚
900 1129 936 1157 et
963 1124 1075 1158 illum
1098 1123 1255 1159 odorem
1278 1123 1496 1158 culinarum
1509 1123 1581 1169 fu-

179 1185 396 1229 mantiam,
428 1186 613 1230 protinus
649 1189 841 1220 mutatam
879 1186 1137 1219 valetudinem
1167 1186 1278 1220 sensi.
1316 1186 1425 1222 Forte
1451 1194 1578 1221 tamen

175 1247 298 1281 fumus
331 1246 376 1281 de
404 1258 600 1281 coenarum
626 1240 836 1295 adparatius
860 1246 1044 1282 factarum
1070 1247 1201 1284 nidore
1228 1247 1491 1295 accipiendus,
1519 1260 1580 1282 cu-

175 1311 234 1356 jus
258 1308 547 1358 jucundissimus
569 1307 620 1342 ad
641 1307 897 1344 Maecenatem
921 1317 1134 1357 penetraret
1164 1320 1316 1350 sensus,
1348 1322 1491 1359 quoque
1520 1309 1579 1342 iti-

179 1370 264 1408 ‹lem
290 1371 484 1407 Claudium
515 1375 553 1406 in
585 1371 715 1407 Saliari
749 1383 863 1406 coena
897 1370 1108 1417 adparanda
1135 1374 1251 1406 ictum
1281 1375 1401 1406 narrat
1423 1369 1576 1407 sueton.

177 1444 211 1467 c.
234 1442 290 1473 33.
317 1441 354 1466 ut
377 1432 472 1468 adeo
498 1431 719 1481 simpliciter
740 1431 918 1467 lautiores
942 1431 1070 1480 epulas
1111 1436 1264 1473 innuat,
1299 1445 1320 1467 a
1351 1429 1482 1482 quibus
1512 1431 1578 1466 ali-

177 1499 396 1543 quantisper
418 1493 682 1529 Maecenatem
710 1505 864 1528 avocare
890 1499 1039 1529 conetur
1063 1502 1187 1543 poeta.
1222 1494 1315 1528 Nam
1342 1495 1434 1541 ignis
1464 1492 1580 1528 adeo-

178 1569 250 1607 que
284 1556 376 1591 fumi
410 1555 621 1604 grandioris
655 1555 816 1590 solennis
850 1556 990 1590 mentio
1024 1557 1059 1590 in
1082 1568 1198 1590 coena
1221 1555 1354 1590 lautius
1384 1559 1575 1605 instructa.

153 1617 345 1664 ‹MartiaL
368 1618 455 1654 VII.
493 1630 554 1660 27.
577 1629 614 1663 5.
647 1616 907 1662 Pinguescant
941 1616 1095 1650 madido
1116 1616 1207 1651 fetri
1229 1615 1361 1651 nidore
1390 1615 1575 1659 Penates,

165 1679 321 1728 flagret
355 1685 394 1713 et
418 1679 667 1725 excisofesta
694 1677 821 1725 caline
843 1679 952 1723 jugo.
987 1696 1033 1706 —-
1064 1677 1189 1724 Opum
1214 1677 1481 1724 generaliorem
1509 1691 1577 1713 no·

175 1744 320 1777 tionem
356 1742 578 1791 interposuit
615 1746 749 1790 poeta,
788 1752 917 1781 more,
944 1753 1018 1790 quo
1040 1741 1178 1788 speciei
1216 1752 1330 1786 genus
1368 1741 1576 1782 immiscet,

175 1804 247 1853 ipsi
267 1796 366 1839 haud
388 1804 620 1854 infrequenti.
649 1800 738 1836 Vid.
762 1801 791 1838 Ῑ.
815 1811 870 1837 10.
896 1808 987 1837 extr.
1016 1800 1044 1835 Ι.
1068 1810 1129 1845 31.
1145 1801 1181 1836 6.
1203 1807 1240 1836 et
1259 1799 1363 1835 alibi.
1391 1800 1470 1835 Hoc
1492 1799 1576 1835 loeo

176 1869 435 1917 perspicuitati
457 1867 617 1901 maxime
646 1866 810 1900 inservit.
839 1866 959 1898 Nemo
991 1866 1092 1897 enim
1122 1861 1236 1897 facile
1263 1861 1409 1897 sumum
1441 1863 1574 1911 strepi·

172 1933 328 1978 tumque
353 1932 570 1968 miraretur,
598 1927 667 1960 nisi
690 1923 884 1960 manifesta
904 1935 1014 1972 opum
1039 1933 1069 1955 s.
1093 1921 1300 1972 splendoris
1335 1932 1441 1974 atque
1466 1923 1574 1958 luxus

174 1998 296 2025 essent
330 1994 558 2034 argumenta.
615 1987 697 2032 Qua
734 1991 811 2036 ipsa
849 1984 1039 2021 dereausa
1068 1984 1211 2021 Romae
1251 1986 1336 2020 addi
1368 1986 1572 2034 putandum

176 2053 292 2102 epith.
324 2051 456 2086 beatae
484 2050 521 2084 h.
554 2048 799 2098 splendidae,
828 2046 1035 2096 opulentae.
1061 2047 1161 2091 Quid
1195 2047 1314 2081 vero?
1347 2052 1378 2082 si
1409 2058 1499 2092 opes
1533 2048 1573 2081 in

175 2115 314 2149 mensis
339 2113 497 2148 divitum
517 2113 716 2161 expositas,
743 2122 856 2146 aurea
878 2116 986 2160 atque
1010 2117 1183 2156 argentea
1194 2120 1289 2148 vasa,
1310 2108 1573 2143 tricliniorum-

172 2191 242 2228 que
270 2175 672 2222 magnificentissimum
693 2179 881 2214 ornatum,
912 2170 1094 2207 eburneos
1118 2169 1236 2204 lectos
1260 2169 1455 2217 purpureis
1479 2177 1572 2204 stra-

175 2239 270 2286 gulis
294 2241 490 2279 instratos,
520 2235 646 2271 aulaea
664 2261 672 2275 ,
699 2234 886 2283 laquearia
908 2244 1042 2275 aurea,
1067 2233 1282 2281 pavimenta
1305 2242 1417 2280 opere
1442 2230 1570 2267 tessel-

177 2300 251 2335 lato
277 2300 414 2348 polita,
437 2305 508 2333 etc.
533 2295 668 2348 quibus
687 2295 852 2329 mundae
866 2294 1000 2328 coenae
1022 2294 1106 2329 sine
1130 2294 1276 2328 aulaeis
1299 2296 1336 2326 et
1373 2295 1477 2326 ostro
1497 2304 1575 2340 op·

175 2369 374 2413 ponantur‚
413 2359 597 2395 strictiore
633 2369 747 2393 sensu
776 2354 1058 2406 interpreteris?
1094 2356 1195 2407 quod
1233 2367 1343 2394 sane,
1377 2355 1570 2403 perpensis

174 2424 347 2462 omnibus
366 2448 375 2462 ,
403 2420 839 2456 adcommodatissimum
867 2420 903 2457 h.
927 2419 952 2454 Ι.
977 2419 1136 2454 videtur.
1163 2438 1209 2445 -—-
1233 2416 1435 2460 strepitum
1461 2420 1572 2450 etiam

175 2486 222 2521 ab
246 2483 418 2519 omnibus
440 2485 572 2531 intpp.v
596 2483 798 2527 generatim
834 2479 879 2514 de
906 2479 1068 2514 clamore
1092 2479 1229 2514 forensi
1245 2504 1256 2522 ,
1289 2479 1570 2512 discursantium

177 2548 358 2588 tumultu,
395 2556 506 2595 quein
541 2541 867 2589 urbisfremitum
886 2540 978 2576 Plin.
1003 2539 1097 2590 Epp.
1131 2540 1200 2574 ΙΙΙ.
1229 2548 1262 2580 5.
1292 2548 1326 2574 et
1354 2549 1450 2582 vaga
1468 2548 1570 2569 mur-

172 2617 282 2641 mura
309 2607 399 2641 Stat.
436 2604 526 2640 Silv.
558 2607 585 2638 Ι.
619 2616 648 2637 1.
681 2606 736 2648 67.
777 2611 884 2639 vocat
920 2603 1045 2644 (acute
1070 2605 1180 2637 etiarn
1203 2600 1367 2635 Martial.
1391 2599 1479 2633 XII.
1505 2604 1567 2638 57.

173 2671 226 2706 ted
246 2669 367 2704 cubile
393 2668 522 2704 Roma
552 2671 630 2711 est,
670 2666 703 2704 h.
723 2678 768 2702 eo
799 2673 970 2714 penetrat
992 2664 1091 2702 urbis
1118 2665 1338 2713 strepitus),
1365 2663 1485 2711 accipi
1513 2665 1566 2697 vi«
