1737 3054
732 249 787 258 —
856 222 960 270 '120
1047 250 1104 258 —

222 342 308 390 quia
331 340 520 387 indignum
540 355 581 377 :ic
607 350 709 392 turpe
731 344 897 379 Romano
934 347 1072 380 nomini
1098 344 1298 387 censebat,
1325 347 1490 395 captivos
1524 345 1617 382 redi-

223 406 283 438 mi.
313 402 383 439 Vix
407 406 505 439 enim
523 412 691 453 respectu
716 406 847 450 Reguli
870 406 996 442 foedas
1019 408 1112 442 dixit
1133 416 1245 457 poeta
1272 407 1517 448 conditiones,
1535 409 1616 458 qui·

220 464 287 501 bus
312 465 422 503 foeda
450 468 518 515 ipsi
549 469 737 516 proposita
760 477 882 503 essent
905 467 1091 517 supplicia
1111 494 1121 512 ‚
1147 473 1177 505 si
1205 484 1241 507 rc
1268 471 1404 507 infecta
1429 470 1619 516 Carthagi-

184 529 186 531 ’
219 543 302 564 nem
328 529 512 565 rediisset.
543 545 588 556 —
611 529 768 564 dissent.
795 531 998 574 exemplu,
1026 533 1088 580 qui
1115 532 1322 581 exemplum
1350 541 1490 568 exstare
1516 531 1618 567 nole-

217 589 303 632 bat,
343 591 442 642 quod
473 597 714 633 tracturum,
753 593 961 628 adlaturum
998 600 1094 628 esset
1114 592 1354 636 perniciem,
1380 595 1477 644 quod
1497 595 1619 643 perni-

216 654 463 688 ciosissimum
486 662 581 689 esset
609 655 649 687 in
675 655 828 688 veniem-
851 655 1009 690 futurum
1044 666 1197 698 aevum,
1226 655 1272 689 ad
1295 668 1440 690 omnem
1467 658 1622 704 posteri.

215 721 343 752 tatem.
367 715 536 763 Vulgaris
562 720 829 752 sententiarum
853 721 1022 763 junctura
1047 723 1150 753 erat:
1173 715 1346 752 dissuasit
1365 715 1619 760 conditiones,

226 790 271 810 ne
295 778 347 810 ita
367 777 574 824 exemplum
598 779 756 826 posteris
781 786 1071 828 proponeretur,
1099 780 1194 827 reip.
1215 778 1518 820 funestissimum,
1546 779 1621 822 vel,

218 840 364 884 negavit
402 839 632 886 recipiendas
669 839 933 885 conditiones,
970 839 1102 877 foedas
1143 843 1280 893 quippe
1323 842 1545 891 pessimique
1572 840 1623 875 ad

219 907 386 945 posteros
405 900 579 943 exempli.
607 922 651 928 —
680 914 734 944 ¹7-
751 901 789 936 Si
817 904 954 950 captivi
983 902 1268 940 redimerentur.
1292 901 1362 937 Pro
1385 916 1456 953 quo
1481 903 1624 937 inversa

216 963 386 997 oratione
406 960 494 1003 fiest:
533 961 574 995 Si
605 975 680 997 non
710 963 877 1006 periret,
900 965 936 998 in
959 965 1183 1013 captivitate
1207 962 1436 999 retinendam
1463 961 1621 997 Senatus

216 1022 399 1070 judicaret
424 1024 616 1069 captivam
633 1023 798 1071 pubem,
827 1033 954 1075 captos
986 1026 1146 1067 milites,
1184 1023 1505 1068 immiserabiks,
1538 1023 1624 1059 abs·

221 1100 291 1136 que
322 1087 582 1131 miseratione,
605 1086 776 1135 indignos
800 1102 952 1139 quorum
973 1092 1168 1140 quisquam
1196 1088 1449 1123 misereretur.

311 1157 344 1180 v.
367 1151 422 1185 18.
456 1147 649 1194 Singulare
680 1161 830 1198 prorsus
866 1156 1001 1198 poetae
1045 1150 1240 1184 artificium
1268 1159 1345 1192 est,
1379 1164 1450 1201 quo
1472 1148 1625 1200 obliqua

216 1210 337 1244 oratio
372 1208 495 1244 subito
525 1211 702 1256 erigitur,
740 1212 786 1247 ad
822 1220 1034 1263 rectamque
1072 1212 1325 1253 convertitur3
1364 1224 1437 1263 quo
1462 1223 1549 1247 sane
1575 1205 1626 1247 ad

216 1270 502 1306 commovendos
533 1269 740 1318 legentium
761 1273 902 1307 animos
936 1274 1001 1308 vix
1023 1269 1219 1308 efficacius
1240 1273 1440 1323 quidquam
1469 1274 1625 1317 cogitari

215 1341 370 1380 poterat.
421 1331 542 1368 Habet
582 1340 706 1368 autem
744 1335 822 1384 ipsa
850 1333 984 1381 Reguli
1021 1335 1143 1369 oratio
1175 1334 1308 1368 miram
1336 1336 1554 1381 gravitatem
1579 1347 1627 1370 nc

217 1393 399 1434 δεινὸτητει
421 1394 468 1429 ad
494 1395 755 1430 concitandam
776 1395 1070 1446 augendamque
1091 1396 1129 1429 in
1157 1394 1384 1430 audientium
1409 1397 1541 1430 animis
1573 1396 1627 1430 in-

215 1454 493 1502 dignationem,
527 1470 595 1507 qua
631 1459 746 1506 ipsum
769 1469 965 1493 accensum
995 1459 1175 1493 concisae
1199 1456 1451 1507 abruptaeque
1479 1465 1626 1492 senten-

216 1519 289 1552 tiae
313 1519 507 1565 insigniter
528 1519 702 1567 produnt.
738 1519 828 1552 Vidi
862 1522 975 1565 signa
1005 1525 1041 1553 et
1061 1531 1178 1553 arma
1202 1519 1334 1564 adfixa
1360 1517 1432 1552 del.
1461 1523 1501 1551 et
1519 1518 1627 1552 dere·

211 1583 281 1622 pta
308 1579 428 1612 milit.
457 1580 575 1614 Etiam
594 1581 654 1615 hic
683 1579 855 1616 confusus
881 1582 934 1616 rei
957 1589 1080 1627 gestae
1110 1580 1201 1616 ordo
1227 1583 1373 1628 egregie
1397 1580 1505 1617 decet
1529 1593 1627 1616 com-

216 1648 352 1675 motum
389 1642 481 1687 Reg.
516 1644 692 1679 animum,
730 1643 889 1690 Vulgare
927 1652 1029 1678 erat:
1069 1643 1155 1679 Vidi
1180 1656 1280 1679 arma
1319 1650 1354 1678 et
1386 1645 1487 1689 signa
1511 1642 1622 1677 milit.

220 1703 331 1739 Rom.
364 1704 520 1754 derepta
549 1705 726 1754 suspendi
759 1705 927 1741 delubris
948 1706 1113 1742 Punicis.
1163 1705 1219 1740 De
1247 1705 1364 1740 veteri
1391 1706 1481 1745 ritu,
1517 1705 1621 1751 signa

215 1773 325 1816 atque
346 1779 447 1800 arma
470 1766 637 1802 hostibus
668 1774 798 1816 erepta
825 1769 860 1802 in
886 1768 1109 1816 templorum
1132 1766 1316 1814 fastigiis,
1343 1768 1498 1811 sdonarii
1523 1765 1625 1808 loco,

215 1827 465 1876 suspendendi
511 1840 569 1863 res
604 1828 870 1876 vulgatissima.
901 1827 997 1864 Vide
1038 1828 1190 1864 doctam
1222 1828 1378 1877 Stanleji
1419 1836 1541 1863 notam
1576 1825 1626 1862 ad.

215 1888 353 1925 Aesch.
382 1889 508 1936 Agam.
534 1898 616 1931 587.
637 1905 671 1941 p.
697 1894 840 1929 811.—
866 1891 949 1925 sine
974 1890 1106 1932 caede,
1123 1893 1184 1943 qui
1206 1892 1343 1926 milites
1368 1891 1523 1926 Romani
1549 1903 1622 1925 non

216 1953 354 1993 occisi,
380 1952 447 1987 sed
469 1953 503 1987 in
529 1955 781 2003 turpissimam
805 1953 1042 1990 deditionem
1079 1953 1325 1989 concedentes
1348 1966 1413 2001 per
1447 1964 1623 1987 summam

218 2014 402 2057 ignaviam
439 2013 512 2049 sibi
542 2017 637 2066 eripi
670 2017 767 2065 passi
794 2024 889 2051 sunt.
938 2015 1061 2067 Atque
1091 2016 1164 2052 hoc
1186 2024 1389 2051 extremum
1415 2022 1490 2050 erat
1515 2012 1623 2060 flagi-

217 2077 306 2110 tium
325 2103 334 2116 ,
373 2077 473 2126 quod
506 2090 652 2112 omnem
687 2078 964 2113 miserationem
999 2076 1223 2118 discuteret,
1250 2084 1361 2127 atque
1389 2082 1505 2110 morte
1529 2073 1625 2109 adeo

218 2140 408 2186 puniretur
440 2138 538 2188 apud
575 2139 772 2175 Romanos.
825 2139 1001 2187 Magnam
1037 2140 1112 2174 vim
1146 2137 1256 2173 habet
1295 2136 1388 2173 illud
1424 2137 1624 2186 repetitum

218 2199 321 2244 vidi,
349 2212 442 2251 quae
466 2203 550 2250 ipsa
577 2201 830 2237 collocatione
857 2210 1025 2249 augetur.
1052 2219 1099 2228 —-
1126 2212 1181 2235 21.
1217 2199 1350 2235 Vivida
1385 2197 1625 2234 adumbratur

219 2261 423 2297 deditionis
452 2262 637 2305 infamia,
675 2266 888 2300 memoratis
923 2265 1116 2313 speciatim
1151 2261 1316 2297 brachiis
1351 2266 1458 2307 tergo
1494 2263 1530 2295 in
1557 2269 1628 2296 ter·

219 2336 301 2369 gum
339 2325 518 2368 retortis,
557 2327 751 2368 restrictis,
772 2326 883 2377 idque
911 2326 1053 2360 civium
1077 2324 1261 2376 quondam
1285 2325 1558 2364 Romanorum,
1579 2323 1625 2356 li·

220 2384 399 2420 berorum
434 2387 526 2423 adeo
558 2387 678 2438 (quod
709 2387 818 2424 docte
843 2388 890 2423 ad
917 2396 1059 2436 tergum
1081 2386 1318 2431 transfertur)
1346 2399 1439 2421 nunc
1467 2387 1622 2435 turpiter

222 2450 475 2486 servientium.
524 2448 669 2485 Ultima
700 2450 794 2485 haec
824 2450 1018 2499 praeclare
1051 2449 1097 2485 ad
1126 2450 1300 2484 invidiam
1328 2447 1532 2495 augendam
1560 2445 1626 2480 ad-

221 2512 356 2560 posita.
406 2512 463 2546 De
500 2524 603 2547 more
634 2514 865 2562 captivorum
893 2525 1015 2549 manus
1058 2519 1092 2547 et
1114 2509 1268 2546 brachia
1288 2524 1308 2546 a
1336 2519 1440 2557 tergo
1467 2509 1626 2543 revinci-

220 2570 304 2606 endi
330 2570 412 2607 vide
441 2571 572 2610 Lamb.
595 2592 640 2602 —·
664 2586 723 2618 23.
748 2573 834 2609 Vidi
863 2575 1194 2621 Carthaginienses
1220 2575 1255 2608 in
1277 2584 1420 2608 summa
1445 2571 1626 2606 securita-

220 2641 255 2667 te
284 2632 484 2679 degentes,
514 2649 561 2671 ex
598 2642 786 2672 contemtu
811 2636 923 2677 yestri
941 2662 951 2679 ,
976 2648 1067 2686 quos
1095 2633 1247 2685 quidem
1271 2646 1291 2668 a
1317 2646 1355 2668 se
1384 2631 1524 2666 fractos
1553 2643 1617 2679 op-

218 2707 467 2747 pressosque,
495 2698 732 2743 ignominiam
763 2699 820 2735 vix
859 2709 1017 2749 unquam
1053 2700 1196 2733 ulturos
1233 2696 1467 2734 existiment.
1511 2693 1620 2728 Secu-
