1737 3054
636 234 691 242 .-
791 221 868 266 115
956 237 1011 243 -...

498 330 588 372 AR
599 329 639 372 G
649 330 766 374 UM
763 332 812 375 E
813 333 1040 378 NTUM
1042 370 1051 380 .
1091 337 1148 379 V⁸

599 454 1039 472 wsmw-§Msmmw

126 548 420 620 Phraates
438 604 449 623 ‚
487 588 644 632 quum
671 589 720 619 a.
743 575 802 619 U.
823 568 1386 636 DCCXXXJ.filium,
1415 580 1513 624 Ro-

127 657 241 686 mae
268 641 535 683 detentum
553 671 565 693 ,
604 655 665 684 ea
697 641 815 700 lege
843 641 909 684 ab
935 644 1182 699 Augusto
1208 646 1511 701 recepisset,

126 715 183 751 ut
214 707 462 763 captivos
494 713 542 753 et
577 708 739 766 sigua
767 707 1070 761 militaria,
1113 709 1295 752 Crassi
1325 715 1376 752 et
1406 715 1512 755 An-

127 774 265 816 tonii
300 773 548 816 cladibus
577 774 778 815 amissa
799 803 812 825 ,
860 773 965 815 sibi
995 775 1334 828 restitueret,
1381 778 1507 821 huic

126 846 306 883 tamen
357 843 413 880 ut
458 835 844 896 satisfaceret,
905 840 1054 882 ltaud
1095 840 1252 895 prius
1300 838 1510 899 impelli

122 906 326 962 potuit,
364 919 522 961 quam
550 920 610 948 ea
638 905 704 947 ab
734 905 979 962 Augusto
1000 935 1011 956 ‚
1049 919 1196 963 quem
1233 909 1290 949 in
1318 909 1505 952 Asiam

122 968 409 1028 trajecisse
427 1000 439 1017 ,
477 977 528 1012 et
555 970 629 1013 ad
651 970 878 1025 Syriam
904 983 1065 1027 usque
1089 974 1398 1025 pervenisse
1424 990 1508 1018 sa-

119 1037 191 1078 tis
233 1036 545 1087 constabat,
597 1034 739 1076 bello
781 1036 1070 1090 repetitum
1103 1033 1360 1094 irifama
1392 1055 1506 1095 per-

118 1098 454 1144 crebruisset.
478 1100 680 1143 Eratis
695 1114 873 1142 annus
889 1099 956 1141 ab
979 1100 1041 1142 U.
1061 1102 1502 1149 C-DCCXXXIV.

119 1168 263 1223 Quae
290 1181 376 1208 res
412 1166 514 1208 etsi
537 1180 606 1208 ex
628 1165 881 1221 pactione
919 1179 1034 1208 cum
1066 1166 1291 1211 Parthis
1317 1170 1398 1214 ita
1432 1187 1505 1215 es-

115 1231 553 1280 sel‘transacta‚
600 1234 907 1289 Augustum
954 1237 1161 1285 tamen,
1210 1236 1351 1290 quod
1385 1238 1498 1280 solo

114 1299 348 1342 nominis
369 1298 462 1340 sui
502 1303 710 1339 terrore
745 1296 1067 1349 Phraatem,
1107 1305 1162 1340 ut
1192 1313 1254 1341 ea
1289 1306 1500 1357 staret,

115 1364 418 1423 adegisset,
467 1362 545 1405 ita
575 1376 685 1404 sese
722 1361 989 1420 extulisse
1017 1369 1262 1418 constat;
1300 1372 1359 1408 ut
1393 1384 1501 1410 ma-

108 1429 291 1472 xz'mae
318 1430 499 1471 instar
522 1427 1199 1471 victoriaerestitutionem
1228 1431 1387 1474 istam
1406 1434 1500 1475 lia-⁷

112 1495 319 1547 buerit,
372 1494 725 1550 ovationeque
758 1497 809 1533 et
851 1507 983 1534 arcu
1023 1494 1377 1549 triumphali,
1415 1498 1496 1539 de·

112 1562 272 1617 nique
300 1558 524 1612 nunonis
560 1572 695 1615 quae
726 1556 1113 1612 celebraretur,
1152 1559 1375 1618 dignam
1409 1563 1496 1606 du-

107 1627 271 1667 xerit.
299 1620 382 1681 Cf
405 1624 511 1665 Dio
537 1622 679 1666 LIV.
700 1622 745 1666 8.
771 1623 930 1666 Haud
957 1624 1265 1668 mirandum
1297 1628 1494 1686 igitur,

109 1705 218 1732 rem
247 1690 406 1732 istam
435 1680 736 1747 magnifice
765 1690 959 1732 ornari
993 1691 1291 1749 extollique
1319 1709 1352 1735 a
1375 1710 1494 1751 poe-

106 1757 203 1807 tis,
249 1755 383 1798 adeo
420 1754 658 1812 quidem,
697 1760 756 1797 ut
782 1756 1018 1799 Parthos
1048 1771 1171 1800 vere
1208 1758 1491 1812 subactos,

105 1825 409 1879 terramque
439 1821 678 1876 ipsorum
717 1821 773 1863 in
808 1820 1390 1882 provinciaeformam
1421 1827 1488 1870 ab

99 1887 344 1944 Augusto
384 1886 660 1929 redactam
701 1887 982 1930 ambitiose
1008 1889 1248 1945 jactent.
1319 1893 1492 1935 Hora-

102 1953 210 1993 tius
238 1952 422 2010 itaque
461 1967 657 1995 novam
685 1953 825 1996 lianc
858 1953 1080 1997 laudum
1108 1959 1350 2014 Augusti
1377 1973 1488 2001 ma-

102 2022 120 2058 1
127 2018 284 2060 eriem
301 2019 540 2061 carmine
557 2018 819 2063 nobilitat
826 2034 971 2071 urus,
993 2019 1152 2063 initio
1168 2023 1355 2066 statim
1374 2025 1489 2065 ani-

58 2102 61 2105 ·
98 2097 237 2126 mum
263 2084 342 2128 ita
377 2085 458 2128 rei
485 2079 772 2141 confectae
797 2085 1177 2144 magnitudine
1195 2086 1487 2146 confusum

96 2150 489 2209 attonitumque
516 2149 779 2203 ostendit.
828 2155 887 2192 ut
914 2151 1255 2194 evidentiora
1285 2153 1486 2197 divini-

100 2215 232 2256 tatis
274 2215 511 2276 Augusti
546 2223 876 2275 argumenta
917 2216 1012 2258 vix·
1043 2217 1169 2260 dari
1189 2233 1344 2273 posse
1371 2234 1485 2277 per-

96 2280 466 2325 suasissimum
490 2281 715 2334 habeat,
764 2281 1190 2340 quandoquidem
1221 2285 1268 2326 is
1306 2286 1372 2328 ab
1397 2287 1484 2329 Ιιο-

94 2341 739 2405 steformidolosissimo‚
778 2362 912 2406 quae
938 2349 1170 2391 maximi
1197 2355 1363 2393 antea
1392 2351 1485 2393 du-

92 2425 180 2454 ces
213 2414 430 2471 magnis
456 2414 768 2457 amisissent
808 2413 1066 2470 praeliis,
1117 2415 1316 2473 absque
1362 2417 1478 2460 ullo

89 2479 389 2521 *certamine
418 2481 697 2535 receperit.
741 2478 894 2531 Tam,
931 2495 1029 2539 quo
1058 2483 1310 2524 exactior
1333 2498 1482 2542 mae,-

91 2540 362 2586 nitudinis
391 2537 628 2603 reifieri
658 2544 1127 2605 possetjudicatio
1148 2578 1160 2599 ,
1198 2547 1376 2589 vivide
1392 2564 1481 2604 po-

92 2614 180 2651 eta
205 2609 459 2653 declarat
485 2611 839 2667 ignominiam
880 2614 1030 2669 turpi
1063 2614 1476 2656 Cras-sianorum.

91 2674 325 2719 militum
353 2675 653 2726 deditione,
700 2679 1019 2736 turpiusque
1056 2684 1183 2721 acta
1211 2682 1474 2723 servitute

989 2757 1027 2798 H
1068 2771 1088 2798 2
