1737 3054
578 158 953 200 ..303-

177 265 386 317 Mirnta,
424 259 700 323 regali‘sclue
731 263 892 307 cultus

237 330 298 374 Et
327 331 560 381 comites,
597 326 781 373 Helene
800 329 1065 376 ‚Lacaenat

109 466 363 511 Primusve
387 466 583 510 Teucer
619 465 713 511 tela
741 465 962 526 Cydonio

107 533 302 578 Direxit
327 548 474 576 arcu:
512 533 612 577 non
647 532 797 577 semel
839 531 950 577 Ilios

170 600 381 642 Vexata:
418 615 517 642 non
553 599 790 660 pugnavit
822 598 1001 660 ingens

235 663 529 710 Idomeneus
563 664 883 710 Sthenelusve
911 664 1045 710 solus

100 794 325 840 Dicenda
356 794 516 840 Musis
543 794 764 856 proelia:
801 812 899 840 non
928 794 1070 840 ferox

102 862 314 917 Hector,
350 862 426 906 vel
456 877 568 906 acer
602 860 895 919 Deiphobus
931 867 1093 924 gravis

168 927 371 988 Excepit
403 927 527 970 ictus
565 941 659 985 pro
692 926 886 985 pudicis

237 991 540 1053 Conjugibus
569 997 838 1053 puerisque
863 993 1074 1053 primus,

98 1117 279 1160 Vixere
304 1115 458 1160 fortes
498 1120 610 1158 ante
633 1116 1002 1176 Agamemnona

98 1181 280 1228 Multi:
320 1183 405 1227 sed
435 1195 609 1225 omnes
638 1180 1010 1228 illacrimabiles

165 1251 422 1308 Urgentur
455 1245 713 1307 ignotique
748 1247 897 1309 longa

232 1315 418 1365 Nocte,
449 1317 617 1356 carent
644 1316 758 1373 quia
791 1320 901 1357 vate
931 1328 1086 1358 sacro.

96 1436 324 1484 Paullum
348 1436 568 1496 sepultae
598 1431 743 1480 distat
771 1433 984 1480 inertiae

99 1504 265 1550 Celata
291 1507 463 1546 virtus.
532 1500 641 1545 Non
669 1517 759 1563 ego
788 1509 834 1545 te
863 1501 991 1546 meis

168 1569 358 1613 Charus
387 1572 675 1611 inornatum
705 1567 884 1620 silebo,

230 1633 391 1679 Totve
429 1639 538 1677 tuos
575 1636 737 1692 patiar
772 1632 970 1678 labores

96 1759 338 1818 Impune,
370 1755 533 1807 Lolli,
570 1770 773 1816 carpere
810 1754 984 1801 lividas

97 1822 402 1868 Obliviones.
450 1821 536 1866 Est
566 1826 756 1867 animus
788 1821 880 1867 tihi

155 1891 442 1952 Rerumque
474 1887 722 1949 pruden8‚
761 1893 808 1931 et
844 1888 1071 1934 secundis

227 1954 568 2015 Temporibus
599 1951 859 2015 dubiisque
884 1961 1046 1999 rectus
1068 1974 1080 2000 =

97 2091 288 2142 Vindex
316 2107 488 2137 avarae
515 2090 704 2135 fraudis
723 2121 735 2143 ,
762 2095 810 2135 et
836 2090 1087 2137 abstinens

94 2156 337 2207 Ducentis
369 2158 430 2202 ad
464 2172 511 2201 se
548 2163 721 2201 cuncta
745 2156 1017 2215 pecuniae:

163 2222 444 2284 Consulque
473 2239 572 2266 non
607 2226 753 2267 unius
783 2226 928 2278 anni,

229 2289 326 2335 Sed
358 2292 545 2351 quoties
581 2288 740 2333 bonus
769 2295 913 2351 atque
939 2287 1066 2336 fidus

94 2441 249 2487 Judex
274 2440 540 2488 honestum
566 2440 803 2502 praetulit
829 2440 966 2498 utili,
1003 2447 1052 2487 et

91 2508 279 2572 Rejecit
309 2509 406 2554 alto
436 2508 564 2554 dona
585 2508 874 2554 nocentium

155 2575 304 2623 Voltu
322 2607 334 2628 ‚
363 2582 409 2620 et
434 2591 524 2636 per
552 2573 791 2620 obstantis
826 2580 1045 2620 catervas

220 2641 469 2701 Explicuit
496 2657 580 2690 sua
602 2641 761 2691 victor
787 2656 940 2689 arma.

1448 272 1506 320 15

1447 683 1506 712 20

1445 1117 1504 1163 25
