1737 3054
597 192 968 241 -347-

92 313 284 355 quaeque,
311 311 423 351 quum
451 299 487 333 in
513 297 709 334 Germanis
730 296 878 348 populis
897 298 1095 332 maximam
1121 296 1218 333 haud
1240 298 1350 334 ‹lubie
1377 296 1480 342 apud

98 366 289 400 Romanos
312 361 548 397 mirationem
567 358 755 402 facerent,
793 371 905 407 genus
931 359 1131 394 notandum
1158 359 1345 408 paulisper
1369 359 1489 394 delle-

93 427 161 461 ctit
180 432 316 474 poeta,
341 425 391 458 ita
410 411 531 458 tamen
546 447 558 464 ,
584 430 624 457 ut
646 426 756 457 istam
780 421 912 467 ingenii
939 420 1239 468 phantasmatum
1257 423 1370 469 copia
1397 431 1486 471 exus

94 487 256 524 berautis
290 492 399 535 atque
432 487 482 520 ita
518 483 689 527 confusi,
728 491 788 526 ut,
815 482 914 534 quod
933 480 1092 516 Pindaro
1110 494 1258 530 quoque
1282 481 1382 516 haud
1404 493 1486 515 raro

91 546 270 582 accidisse
292 546 483 587 videmus,
510 560 529 580 a
556 548 608 581 rei
633 559 671 582 se
698 558 839 581 summa
858 543 994 579 abduci
1012 546 1226 592 pateretur,
1265 542 1411 590 culpam
1435 541 1489 574 fa-

89 607 262 650 stidiosa,
289 620 360 658 qua
387 620 466 642 rem
494 610 601 642 istam
619 632 630 650 ,
669 607 739 642 sibi
766 605 948 656 objectam
965 631 975 647 ,
1003 609 1126 640 statim
1149 604 1305 638 missum
1331 602 1490 645 faceret,

92 667 284 717 superbia,
322 676 360 704 ut
381 673 439 704 ita
465 668 610 713 dicam,
647 670 875 710 redimeret,
913 675 1023 719 atque
1050 666 1268 712 corrigeret.
1296 664 1355 700 Cf.
1379 663 1494 700 Obss.

92 747 137 755 —
162 740 339 774 quaerere
362 730 521 773 distuli,
548 732 735 781 inquirere
761 730 1015 780 supersedeo,
1041 742 1111 763 non
1139 727 1266 771 lubet,
1294 726 1396 760 unde
1409 738 1495 760 mos

95 789 278 824 deductus
315 816 324 825 .
355 814 363 823 .
389 817 400 826 .
426 817 434 823 .
465 792 626 825 dextras
648 790 844 834 obarma,
883 789 992 825 docte
1018 802 1084 838 pro
1100 816 1110 831 ‚
1147 788 1242 825 unde
1269 800 1351 823 mos
1376 787 1496 824 dedu-

94 859 174 886 ctus
198 853 245 886 sit
271 851 562 891 (magnanimis
586 864 669 888 mos
684 852 819 898 ductus
840 851 922 885 izvis
949 851 1076 886 Valer-
1099 850 1153 885 Fl.
1181 850 1243 884 XI.
1266 854 1366 892 125.)
1392 848 1507 901 unde—

93 925 233 949 morem
262 913 446 950 Vindelici
472 917 671 956 traxerint,
703 920 741 950 ut
773 915 936 949 dextras
960 912 1084 947 securi
1111 911 1336 953 obarment,
1373 911 1496 946 securi

93 987 160 1024 pro
184 974 307 1020 gladio
331 982 504 1018 utantur,
539 974 779 1018 Amazonia,
811 976 913 1027 quali
937 974 1015 1011 fere
1049 977 1259 1009 Amazonas
1294 968 1511 1007 instructas*

94 1037 211 1073 fuisse
238 1045 397 1077 constat.
440 1041 516 1073 Per
549 1051 662 1074 omne
684 1043 857 1083 tempus,
896 1045 951 1072 est
973 1035 1062 1078 vel,
1097 1034 1183 1075 inde
1212 1033 1260 1068 ab
1283 1035 1497 1084 antiquissi-

95 1101 166 1134 mis
189 1099 443 1149 temporibus,
471 1101 555 1142 vel,
581 1101 682 1153 quod
707 1104 854 1135 omnino
880 1099 926 1135 de
955 1099 1158 1134 Germanis
1180 1096 1292 1131 tradit
1317 1088 1500 1140 Tacitus,

94 1158 193 1210 quod
213 1173 285 1195 non
308 1162 397 1196 belli
422 1168 563 1198 tanturn
588 1171 754 1211 tempore
775 1163 894 1198 securi
916 1162 1047 1196 armati
1068 1160 1164 1201 sint,
1190 1158 1255 1194 sed
1278 1161 1399 1193 omnia
1426 1169 1498 1193 σπη’

91 1223 179 1256 nino
202 1225 348 1268 negotia
373 1222 505 1257 dextra
523 1225 730 1270 securigera
753 1222 857 1260 obire
882 1223 980 1258 soliti
1003 1223 1220 1256 sinn—22.
1249 1217 1324 1253 Nes
1335 1217 1406 1264 fizs
1428 1225 1500 1262 est,

94 1290 382 1319 consentaneum
416 1291 495 1324 est,
533 1284 795 1334 disquirendae
832 1285 919 1318 huic
954 1284 1007 1319 rei
1042 1282 1258 1325 immorari,
1298 1295 1369 1316 non
1396 1289 1502 1317 vacat

94 1343 146 1379 ad
168 1345 237 1379 has
261 1344 544 1395 disquisitiones
567 1344 809 1383 descendere.
845 1346 927 1391 Quo
953 1345 1104 1395 quidem
1130 1349 1210 1393 ipso
1228 1343 1422 1378 Horatium
1449 1346 1503 1388 ju-

95 1405 186 1442 dieii
213 1410 270 1440 sui
297 1405 567 1447 subtilitatem,
595 1417 615 1438 a
643 1418 679 1441 re
707 1405 829 1445 aliena
851 1419 939 1442 cum
963 1405 1215 1452 indignatione
1244 1403 1503 1452 repudiantis,

98 1467 246 1512 egregie
277 1466 498 1510 ostendere,
532 1467 615 1516 quis
650 1479 721 1500 non
748 1466 888 1501 sentit?
919 1468 1140 1502 Generatim
1164 1473 1288 1500 autem
1317 1466 1502 1512 expressit

95 1529 321 1562 sententiam
340 1536 450 1575 poeta
465 1553 474 1570 ,
504 1527 698 1563 Pindarica
716 1530 909 1573 gravitate.
949 1528 1060 1564 Forte
1082 1543 1163 1563 cum
1188 1529 1258 1562 hoc
1279 1527 1401 1562 Nostri
1415 1526 1501 1562 loco

95 1587 195 1623 haud
222 1579 354 1639 'inepte
380 1590 547 1624 conferas
570 1589 677 1624 Pind.
702 1589 836 1626 Isthm.
864 1590 963 1633 l.85.
983 1603 1064 1640 sqq.
1098 1587 1176 1623 Sed
1201 1591 1236 1622 h.
1263 1587 1287 1623 l.
1314 1590 1500 1635 corrigen-

99 1650 146 1682 tis
171 1655 251 1692 est,
279 1657 314 1684 et
335 1650 384 1684 ad
405 1652 638 1700 propositum
663 1656 908 1703 revertentis,
936 1656 1110 1687 consueta
1138 1650 1198 1686 vel
1222 1648 1390 1699 pedestri
1416 1663 1498 1685 ora·

103 1711 194 1745 tioni
221 1709 373 1746 ratione.

191 1783 226 1807 v.
248 1777 306 1812 25.
334 1770 516 1816 Sem-ere,
550 1787 637 1810 cum
663 1779 693 1810 vi
720 1775 789 1818 (ut
815 1774 882 1811 lv.
903 1775 935 1810 6.
957 1775 1037 1819 3.)‚
1064 1775 1284 1822 gravissima
1306 1773 1415 1810 clade
1441 1787 1502 1810 ac·

100 1838 233 1881 cepta,
271 1845 355 1868 cum
376 1833 476 1868 malo
503 1847 570 1870 suo
595 1835 839 1879 intellexere,
866 1832 1001 1887 quanta
1022 1839 1074 1872 vis
1101 1846 1195 1872 esset
1220 1837 1340 1872 honae
1362 1837 1498 1873 indolis

101 1895 132 1929 si
159 1893 256 1941 bona
280 1896 464 1930 institutio
487 1899 700 1933 accesseri-.
730 1897 961 1948 Exquisitam
981 1906 1102 1932 artem
1129 1908 1265 1948 poetae
1293 1899 1373 1932 vide
1391 1923 1400 1938 ,
1428 1911 1500 1948 qua

104 1966 274 2000 magnam
306 1956 415 1991 Drusi
454 1955 606 1991 laudum
642 1965 786 2007 partem
803 1951 805 1954 ¹
824 1959 921 1993 haud
955 1959 1152 1994 ambitiose
1174 1961 1338 2011 quaesita
1361 1961 1502 1995 ratione

106 2029 188 2052 cum
217 2019 380 2064 Augusto
404 2020 670 2054 communicat!
687 2039 726 2046 -
749 2019 844 2065 quid
855 2025 1009 2066 posset,
1036 2029 1207 2072 quantum
1234 2020 1382 2058 efficere
1406 2022 1505 2058 vale·

110 2085 187 2118 ret·
215 2088 320 2112 men-5
347 2083 384 2114 et
406 2078 577 2122 indoles,
604 2084 769 2127 ingenita
793 2083 914 2117 animo
941 2087 1080 2126 virtus,
1109 2074 1221 2118 animi
1245 2096 1424 2131 generosa
1451 2087 1506 2116 in·

105 2137 234 2180 doles,
262 2139 306 2173 ab
333 2142 500 2186 Augusto
524 2140 693 2186 exculta3
721 2155 788 2189 pro
812 2155 885 2193 quo
908 2142 1106 2191 splendide
1131 2153 1209 2187 est,
1236 2149 1391 2181 orationi
1415 2145 1505 2180 divi-

106 2203 228 2237 nitatis
251 2205 327 2249 ejus
352 2205 478 2251 specie
505 2205 673 2239 inducta:
713 2205 786 2236 rite
807 2205 980 2247 nutrita,
1007 2204 1103 2240 bona
1130 2207 1357 2243 institutione
1383 2208 1509 2243 excul-

108 2272 168 2305 ta,
205 2262 271 2296 sub
291 2263 443 2310 faustis
458 2264 742 2308 penetralibus,
786 2268 819 2300 in
858 2266 1016 2312 Augusti
1052 2267 1188 2311 domo,
1231 2276 1405 2320 tanquam
1433 2270 1505 2304 Dei

111 2325 300 2360 domicilio
323 2325 501 2367 formata,
535 2330 736 2378 propitium
762 2327 916 2374 Augusti
948 2343 1083 2364 numen
1111 2337 1278 2378 experta.
1314 2332 1404 2368 Nam
1429 2332 1503 2366 rite

110 2386 158 2421 ml
193 2386 390 2433 religiones
427 2392 610 2437 pertinet,
650 2397 685 2426 et
697 2391 839 2437 fausta
860 2391 1084 2435 penetralia
1119 2393 1164 2429 de
1190 2395 1329 2444 templo
1353 2396 1508 2444 propitii

112 2450 276 2483 numinis
313 2449 420 2484 docte
442 2450 646 2488 adhibitum
675 2467 693 2488 a
720 2462 846 2502 poeta.
885 2454 1129 2488 Innutritum
1154 2456 1381 2490 coelestium
1400 2467 1510 2503 prae-

112 2514 312 2554 ceptorum
333 2508 552 2556 disciplinis
574 2514 768 2552 Tiberin-n
792 2518 824 2550 in
847 2516 955 2551 ‹lorno
975 2519 1138 2564 Augusti
1165 2518 1361 2555 educatum
1387 2518 1514 2554 simili·

115 2577 169 2606 ter
194 2572 267 2607 tert
289 2571 426 2611 Vellei,
452 2573 502 2608 Ii·
528 2586 585 2619 94.
609 2588 641 2613 2.
663 2579 837 2621 tralatitia
859 2578 1100 2621 a‹lulatione;
1126 2586 1162 2615 et
1187 2579 1235 2616 de
1261 2582 1381 2616 Druso
1399 2571 1513 2615 Ovid-

116 2630 267 2670 Consul.
290 2633 337 2670 ad
362 2633 446 2674 Liv.
475 2643 535 2680 38.
560 2638 728 2674 Caesaris
752 2638 854 2674 illud
872 2652 994 2686 opus,
1023 2640 1102 2678 voti
1124 2653 1219 2689 pars
1241 2643 1365 2679 altera
1382 2640 1512 2686 vestri,
