1737 3054
714 168 1031 211 ...6-

313 271 452 326 111υά
479 286 655 326 autem
689 281 905 326 minime
936 279 1217 327 ambitiose
1251 283 1379 328 mihi
1416 285 1572 330 adtir-

183 371 334 403 mare
357 372 512 415 posse
541 353 741 411 videor,
767 372 851 403 me
885 357 937 403 in
954 355 1275 406 adcurandis
1312 363 1571 425 posterio-

178 432 321 481 ribus
370 434 452 484 his
514 439 805 484 carminum
855 435 1001 483 libris
1051 438 1231 502 paullo
1288 442 1565 491 intentiore

179 512 353 560 studio
386 524 654 562 versatum
691 530 822 571 esse,
859 519 967 564 sive
998 515 1138 580 quod
1162 520 1476 584 interpretes
1513 526 1564 569 in

180 589 260 649 iis,
285 594 519 640 maxime
550 596 599 640 in
632 603 743 642 toto
769 599 1061 644 carminum
1076 595 1261 646 habitu
1299 615 1363 647 ac
1392 600 1569 666 dispo·

177 674 366 719 sitione
403 681 546 721 recte
600 673 743 739 apud.
793 673 1026 724 animum
1070 678 1407 727 informanda
1457 697 1571 729 sae·

176 753 295 817 pius
321 753 516 799 remitti
555 761 719 816 atque
745 771 777 800 a
807 770 932 803 vero
961 754 1243 805 deflectere
1286 773 1572 824 cognosce·

173 845 304 891 rem,
332 833 443 879 sive
471 835 704 895 ipsorum
736 835 1030 881 carminum
1064 832 1320 899 dignitate
1362 853 1423 885 ac
1463 854 1568 885 ma-

172 909 361 971 jestate
388 924 451 955 eo
489 910 795 970 adducerer,
837 916 1100 977 novisque
1141 913 1362 963 subinde
1396 918 1571 963 stimu-

175 988 239 1034 lis
277 990 558 1037 excitarer.
613 988 1177 1059 Consummatissimae
1221 996 1362 1047 enim
1400 995 1574 1059 plera-

171 1084 273 1131 que
308 1067 451 1117 artis.
493 1072 605 1117 sive
647 1082 1085 1136 argumentorum
1128 1077 1235 1122 vim
1274 1089 1337 1121 ac
1380 1083 1575 1121 tracta·

171 1150 386 1201 tionem,
413 1149 524 1194 sive
550 1151 970 1200 excelsissimum
997 1155 1194 1219 ingenii
1220 1155 1418 1207 nisum,
1461 1156 1572 1200 sive

173 1229 553 1274 sententiarum
593 1232 941 1293 gravitatem,
985 1234 1096 1279 sive
1137 1230 1370 1294 denique
1414 1247 1573 1278 enun-

167 1309 399 1354 tiationis
463 1318 669 1373 spectes
728 1313 974 1370 virtute5‚
1035 1310 1320 1358 Horatiani
1378 1311 1572 1374 ingenii

167 1387 495 1432 monimenta
544 1388 595 1433 in
645 1387 727 1434 his
773 1389 916 1438 libris
972 1391 1255 1444 contineri,
1301 1390 1571 1437 neminem

166 1474 280 1513 tam
317 1465 519 1514 hebetis
554 1467 729 1531 judicii
766 1486 882 1525 esse
911 1469 1154 1524 arbitror,
1183 1471 1306 1532 quin
1345 1471 1460 1532 ipse
1496 1467 1571 1515 fa-

166 1546 266 1592 cile
303 1548 512 1594 sentiat.

301 1624 548 1675 Ceterum
595 1644 756 1693 quam
803 1645 986 1678 verum
1038 1633 1128 1685 sit,
1173 1626 1316 1692 quod
1356 1626 1571 1681 dicitur,

169 1705 283 1754 dies
314 1705 457 1756 diem
483 1709 663 1769 docet,
699 1710 964 1758 neminem
1005 1712 1174 1777 magis
1227 1707 1457 1773 experIri
1492 1723 1573 1754 ar-

161 1783 331 1834 bitror
387 1804 552 1852 quam
612 1790 987 1853 interpretem,
1033 1806 1206 1852 quem,
1266 1787 1565 1838 mirandum

159 1884 267 1917 non
306 1877 401 1923 est,
442 1868 576 1925 silin
621 1869 847 1934 longiori
879 1885 1042 1934 opere
1094 1885 1491 1932 nonnumquam
1531 1883 1564 1918 a..

161 1958 310 1997 recto
336 1950 546 2001 tramite
571 1948 801 2002 aberret,
836 1963 900 1996 ac
938 1952 1133 1998 sensim
1151 1950 1219 1996 ad
1243 1949 1374 1997 alias
1392 1964 1568 1996 rerum

162 2033 409 2079 notiones
476 2028 771 2077 delabatur.
855 2030 1007 2092 Quae
1073 2031 1230 2095 igitur
1281 2027 1563 2077 incidenda

166 2120 253 2158 aut
306 2111 462 2158 aliter
504 2107 870 2156 constituenda
919 2109 1180 2172 judicavi,
1216 2124 1457 2173 quaeque
1496 2106 1563 2153 ad

164 2198 360 2254 poetae
399 2190 691 2237 doctrinam
723 2187 1090 2236 illustrandam
1119 2197 1209 2236 aut
1241 2191 1454 2235 omnino
1493 2186 1561 2234 ad

168 2268 528 2317 liberaliorem
554 2270 1048 2334 interpretationem
1074 2270 1374 2334 spectantia
1402 2268 1567 2312 serius

164 2365 197 2396 a
224 2364 309 2398 me
346 2348 722 2398 animadversa
754 2360 884 2403 sunt,
923 2364 986 2395 ea
1023 2351 1073 2395 in
1108 2348 1308 2396 fascem
1343 2344 1569 2392 collecta

164 2429 286 2477 huic
310 2430 485 2477 Tomo
522 2432 685 2477 inseri
725 2430 867 2494 jussi.
936 2429 1144 2478 Interea
1184 2427 1439 2490 temporis
1476 2440 1565 2471 na·

165 2518 279 2556 ctus
320 2524 431 2556 sum
461 2506 732 2567 Codicum,
762 2524 890 2572 quos
911 2506 1231 2556 bibliotheca
1263 2502 1557 2569 Guelpher-

163 2587 369 2653 bytana
395 2587 633 2645 custodit,
669 2593 922 2643 notitiam,
954 2605 985 2636 a
1017 2587 1095 2635 Cl.
1127 2586 1343 2639 Leistio‚
1373 2585 1466 2632 has
1486 2585 1563 2646 ip-

165 2684 250 2719 sas
294 2670 477 2717 literas
516 2671 566 2717 in
608 2668 795 2718 eadem
833 2668 960 2722 urbe
1003 2683 1207 2719 summa
1246 2682 1363 2720 cum
1402 2663 1560 2713 laude
