1689 3086
583 159 958 211 ...ὄπ-.-

68 283 116 320 ta
145 274 418 320 radicatione
447 277 653 333 respicit
677 275 976 325 Saturnum,
1016 269 1246 332 ejusque,
1277 273 1328 317 in
1359 273 1470 318 sini.

64 351 167 387 stro
203 336 434 401 quadrati
474 340 630 384 latere
670 345 797 385 etin
837 339 1141 400 Capricorno
1180 340 1468 394 constituti,

61 407 275 467 ideoque
314 405 652 468 aegritudines
687 415 734 450 et
764 410 1056 465 gravissima
1081 409 1208 449 vitae
1240 406 1469 464 pericula

58 482 106 518 et
145 473 433 518 discrimina
468 475 563 527 (ex
596 472 775 517 Fimici
804 471 891 516 lib.
928 475 985 516 V.
1024 487 1126 530 cap.
1155 474 1238 521 5.)
1272 488 1466 532 praesa-

56 540 268 603 gientis,
305 540 406 584 vim
434 539 727 597 pestiferam
757 537 954 597 mitigat
985 543 1031 579 et
1059 536 1303 597 infringit.

191 607 528 669 Quaecunque
565 614 731 650 autem
752 604 845 649 alia
871 604 1031 647 adhuc
1063 602 1180 645 iniri
1208 608 1366 661 possit
1387 603 1468 647 ha-

57 687 171 716 rum
210 672 467 716 stellarum
512 670 938 732 disponendarum
967 669 1124 724 ratio,
1172 686 1270 713 non
1310 686 1465 728 aeque

53 736 181 782 bene
200 737 442 797 procedet
460 753 472 793 3
493 745 624 782 certe
654 738 703 781 in
728 740 818 783 hac
836 736 1097 797 proposita
1131 735 1321 779 ratione
1339 736 1467 779 mu}-

54 811 100 847 ta
126 804 220 847 alia
249 807 400 847 etiam
436 804 714 848 Maecenati
741 810 805 848 ita
834 809 1043 864 possunt
1067 800 1467 852 adcommodari,

53 877 136 924 ut,
176 867 279 931 ejus
310 869 594 931 genituram
627 888 800 916 revera
830 871 897 914 ita
926 875 1272 928 comparatam
1294 868 1465 924 fuisse,

55 935 266 979 dubium
294 940 372 979 vix
401 935 732 995 relinquatur.
788 936 881 980 Sic.
900 953 942 979 r.
963 952 1003 979 e.
1037 935 1280 979 Saturnus
1312 935 1361 977 in
1380 935 1465 979 ho-

50 1018 266 1063 roscopo
298 1001 490 1062 positus
532 1004 664 1051 (vid.
686 1004 842 1048 Firm.
870 1002 956 1045 lib.
984 1001 1061 1043 Ill.
1089 1017 1195 1060 cap.
1225 1004 1305 1050 5.)
1340 1002 1466 1044 mul-

49 1075 222 1113 torum
249 1067 503 1112 malorum
531 1077 579 1113 et
607 1069 956 1128 periculorum
984 1066 1271 1119 adventum,
1308 1073 1466 1129 aegri·

46 1135 246 1178 tudines
279 1141 327 1178 et
352 1133 621 1195 languores
658 1136 933 1197 significat,
969 1135 1165 1193 Jupiter
1206 1140 1374 1178 autem
1408 1138 1458 1178 in

44 1202 201 1244 Libra
243 1200 319 1244 vel
358 1200 408 1245 in
460 1202 735 1262 Scorpione
787 1205 1086 1246 constitutus
1126 1199 1259 1250 (vid.
1303 1199 1457 1261 ejusd.

46 1265 132 1313 lib.
177 1270 237 1311 V.
268 1283 373 1327 cap.
412 1275 494 1319 Δ.)
538 1267 704 1330 jungit
744 1268 974 1312 homines
1012 1266 1302 1327 potentibus
1342 1267 1459 1311 viris

46 1341 132 1378 aut
177 1331 386 1377 ducibus
416 1333 495 1378 vel
532 1339 763 1395 regibus,
803 1349 1079 1393 eorumque
1112 1349 1188 1377 res
1225 1340 1272 1377 et
1303 1349 1462 1378 secrc-

44 1406 93 1443 ta
140 1398 199 1443 iis
233 1405 651 1459 committuntur3
698 1407 988 1462 pariterque
1030 1399 1082 1443 in
1112 1398 1281 1443 medio
1316 1400 1454 1444 coelo

46 1465 184 1516 (vid.
218 1465 373 1528 ejusd.
401 1467 487 1511 lib.
518 1468 595 1520 ΙΙΙ.
629 1484 733 1528 cap.
763 1476 839 1520 4.)
881 1482 1095 1527 magnos
1125 1465 1349 1511 decernit
1374 1467 1459 1510 ho-

43 1547 229 1585 nores,
278 1533 605 1592 publicorum
649 1539 973 1594 negotiorum
1020 1532 1133 1576 facit
1172 1532 1458 1594 principes,

42 1614 240 1643 necnon
277 1599 645 1660 imperatorum
684 1605 886 1662 negotia
930 1606 1214 1645 tractantes,
1299 1599 1456 1644 Horo-

41 1679 222 1722 scopus
254 1663 468 1725 denique
499 1672 548 1710 in
580 1668 884 1727 Capricorno
919 1673 966 1710 et
998 1666 1222 1710 medium
1256 1665 1454 1710 coelum

40 1734 94 1773 in
132 1730 285 1775 Libra
324 1733 458 1782 (vid.
487 1732 642 1792 ejusd.
682 1733 767 1783 lib,
796 1736 854 1779 V.
884 1749 988 1792 cap.
1028 1735 1083 1788 1)
1123 1734 1352 1776 homines
1389 1729 1458 1777 fa-

42 1801 179 1840 ciunt
202 1802 342 1858 piOS,
378 1798 574 1843 honesti
603 1805 760 1861 gratia
795 1803 1038 1844 sermonis
1083 1807 1286 1843 ornatos
1306 1832 1320 1852 ,
1369 1799 1457 1843 do-

41 1869 174 1916 ctos,
224 1871 271 1908 et
302 1862 394 1909 diis
432 1872 549 1909 vota
597 1872 910 1910 restituentes
954 1880 1008 1908 ex
1040 1866 1337 1924 quibusdam
1375 1881 1456 1909 ne·

40 1929 353 1974 cessitatihus
395 1932 468 1974 vel
518 1931 752 1991 periculis
796 1932 1067 1982 liberatos,
1114 1936 1178 1974 ita
1207 1938 1261 1974 ut
1296 1932 1454 1974 Hora-

37 2000 163 2046 tius,
202 2011 315 2038 cum
346 1997 432 2040 sub
462 1997 615 2043 finem
644 2003 879 2042 carminis
899 2013 1108 2040 munera
1135 2014 1189 2041 ex
1210 2004 1326 2041 voto
1355 1998 1449 2041 diis

35 2060 326 2121 persolvere
353 2061 581 2108 hortetur
605 2064 968 2115 Blaeeenatem,
1002 2068 1152 2123 ipsius
1182 2068 1334 2107 etiam
1360 2064 1449 2107 'na-

37 2133 239 2187 toscopi
272 2129 472 2174 decreta
498 2131 726 2175 videatur
754 2147 857 2176 esse
889 2138 1139 2188 sequutus.
1213 2131 1446 2175 Ceterum

35 2198 87 2237 in
133 2199 362 2254 genitura
399 2196 704 2243 Maecenatis
752 2203 801 2242 in
827 2197 1090 2255 Scorpium
1117 2211 1271 2255 aeque
1302 2213 1356 2241 ac
1395 2203 1446 2242 in

34 2259 244 2303 Libram
286 2261 462 2308 cadere
506 2270 727 2325 potuisse
754 2263 979 2308 medium
1011 2262 1241 2314 coelum,
1291 2269 1448 2308 nemi-

31 2341 149 2370 nem
167 2326 407 2374 doctrinis
438 2332 755 2392 astrologicis
776 2329 1026 2374 imbutum
1057 2328 1300 2388 offendet3
1330 2348 1442 2374 Cum

32 2391 311 2452 interjectis
351 2401 482 2441 inter
515 2396 627 2441 hor·
657 2414 862 2456 scopum
908 2402 955 2439 et
991 2395 1215 2440 medium
1246 2397 1445 2442 coelum

33 2471 129 2515 270
175 2460 430 2520 partibus,
476 2463 700 2508 medium
737 2462 933 2508 coelum
972 2463 1086 2508 inde
1118 2478 1143 2505 a
1170 2471 1311 2522 parte
1353 2477 1440 2523 271

33 2531 303 2586 inciperet,
348 2536 492 2588 atque
534 2530 763 2591 deinceps
814 2545 904 2590 per
944 2531 1005 2574 50
1045 2537 1210 2590 partes
1263 2531 1442 2591 produ-

33 2600 258 2645 ceretur,
295 2600 362 2638 ita
405 2603 458 2639 ut
483 2597 806 2642 undecimum
827 2612 978 2657 aeque
1006 2612 1059 2640 ac
1087 2597 1343 2642 decimum
1378 2597 1439 2641 ab

32 2655 319 2718 1101'OSCOPO
359 2666 556 2724 signum
587 2679 828 2724 occupare
855 2670 1039 2725 posset.

97 2741 154 2785 11.
193 2742 336 2791 ἳΰιιηθ.
1097 2741 1145 2786 Τ
1166 2750 1185 2789 t
