1689 3086
687 152 1065 202 ...410-.

173 271 281 317 cri
308 272 565 325 studio,
599 285 634 315 a
662 283 762 329 quo
790 270 1075 314 immunem
1109 282 1224 311 eum
1256 282 1366 312 esse
1392 277 1561 330 negat

170 345 332 396 poeta
374 345 442 387 (v.
472 337 567 392 25.)
592 351 748 381 sacro
776 334 868 377 illi
892 335 1011 378 vati
1035 331 1254 377 macula
1279 337 1564 392 quaepiam

171 404 609 465 ads-pergeretur.
645 401 748 444 Sed
775 401 899 442 huic
923 400 1090 443 metui
1118 397 1452 458 quumjusta
1490 403 1568 466 ζη-

168 473 566 528 terpretatione
589 467 801 510 obviam
821 465 1057 512 ierimus,
1089 472 1248 523 atque
1265 466 1382 523 ipsa
1409 466 1566 509 Bent-

169 534 276 594 leji
311 538 458 581 ratio
482 566 492 584 ,
542 546 676 592 quae
713 530 893 573 omnia
932 528 1098 585 hujus
1139 531 1272 575 libri
1314 534 1564 576 carmina

170 602 328 646 ultra
373 599 602 659 Virgilii
640 601 877 639 aetatem
915 594 1131 654 rejicit,
1188 604 1314 641 tam-
1341 589 1567 656 infirmo

171 667 290 710 talo
317 668 621 714 innitatur,
669 667 728 704 ut
758 660 964 703 nullum
992 663 1209 704 omnino
1237 664 1319 705 rei
1347 679 1572 707 momen·

173 737 286 773 tum
307 729 528 788 faciat5
567 727 714 770 nihil
739 739 869 768 sane
897 725 1145 782 impedit,
1181 742 1281 785 quo
1313 730 1573 772 minusil-

174 795 271 838 lud
296 809 352 836 os
383 807 598 838 sacrum
628 791 856 842 Phoebi,
896 791 1196 851 Virgilium
1225 798 1436 849 poetam
1455 822 1465 840 ‚
1502 795 1570 837 ab

170 860 399 903 Horatio
435 859 819 901 hoc-carmine
859 857 1244 914 compellatum
1275 859 1429 902 nobis
1458 874 1574 915 per-

172 924 513 969 suadeamus.
591 923 862 985 Quumque
904 938 1098 980 parum
1138 928 1281 967 recte
1325 925 1576 983 gravita-

175 996 273 1033 tem
298 989 355 1032 in
384 995 495 1032 tam
523 988 635 1032 levi
668 994 994 1048 argumento
1028 988 1332 1045 desideres5
1369 992 1449 1033 ita
1473 986 1576 1045 ⁸fa.

171 1054 568 1107 miliaritatem,
605 1069 740 1113 quae
768 1056 1052 1100 Horatium
1079 1055 1225 1098 inter
1261 1061 1422 1114 atque
1459 1054 1576 1099 Vir-

168 1120 369 1181 gilium
422 1120 813 1170 intercederet,
867 1122 923 1163 in
943 1119 1135 1180 jocos,
1173 1136 1301 1178 quos
1334 1121 1437 1165 illa
1470 1122 1574 1162 uti-

171 1200 269 1246 que
305 1191 486 1238 amat,
531 1183 791 1249 effusam,
837 1185 937 1229 lzoc
985 1186 1225 1229 carmine
1264 1187 1576 1229 luculenter

171 1251 442 1310 proditam
470 1252 607 1294 recti
633 1249 1073 1310 quisquejudicii
1086 1247 1275 1308 facile
1295 1256 1573 1311 agnoscet.

170 1320 252 1362 De
288 1332 454 1362 coena
492 1316 774 1361 collatitia
817 1331 935 1360 cum
968 1316 1210 1375 Virgilio
1240 1333 1334 1360 suo
1363 1319 1442 1361 ita
1466 1324 1577 1360 tra-

171 1389 286 1432 ctat
323 1383 584 1438 Horatius
623 1384 720 1427 ltoc
751 1383 1021 1435 carmine,
1069 1387 1154 1434 ut,
1192 1398 1349 1441 quum
1388 1384 1574 1426 vinum

175 1462 231 1493 se
271 1449 648 1507 praebiturum
698 1447 990 1505 spondeat,
1041 1448 1108 1490 ab
1147 1463 1204 1492 eo
1239 1453 1576 1508 unguentum

174 1520 271 1564 (at
297 1513 629 1573 quantillum
648 1528 759 1558 rem
789 1512 859 1555 ad
885 1514 1162 1573 ingentem
1192 1515 1308 1558 vini
1332 1513 1520 1558 cadum
1534 1509 1576 1569 .')

172 1577 421 1639 conferri
447 1580 716 1637 postulet,
751 1578 904 1636 sique
929 1577 1165 1623 conditio
1192 1582 1442 1638 placeat,
1467 1585 1575 1622 sta-

175 1648 273 1689 tim
312 1645 384 1688 ad
422 1660 503 1697 se,
551 1645 728 1689 missis
763 1645 1040 1695 omnibus,
1090 1661 1224 1703 quae
1263 1644 1572 1690 convivium

173 1716 458 1757 moratura
507 1711 642 1764 sint,
691 1723 806 1752 cum
862 1711 965 1752 isto
1003 1709 1254 1762 advolet,
1308 1709 1576 1770 adjectis,

175 1792 308 1836 quae
343 1776 415 1820 ad
450 1776 591 1819 illud
630 1775 994 1832 compellant,
1030 1778 1390 1835 argumentis,
1419 1792 1451 1817 a
1475 1776 1574 1817 sic-

176 1844 320 1887 ciore
351 1842 487 1886 anni
512 1846 823 1899 tempestate
853 1846 899 1888 (l
920 1863 982 1871 —-
1005 1847 1103 1888 12.)
1128 1844 1375 1897 vitaeque
1405 1840 1577 1883 brevi-

175 1914 290 1953 tate
317 1909 401 1957 (26
445 1915 574 1966 sqq.)
607 1906 878 1950 desumtis.
913 1907 1146 1963 Propter
1171 1922 1219 1949 v.
1248 1903 1321 1949 15.
1349 1903 1515 1963 (juv
1532 1918 1576 1946 e-

175 1990 327 2018 num
374 1972 712 2016 nobilium
764 1987 788 2014 c
809 1971 1028 2020 tiens)
1065 1978 1208 2015 recte
1234 1970 1437 2016 Sanad.
1476 1971 1575 2013 hoc

176 2054 394 2084 carmen
430 2044 558 2081 ante
595 2053 646 2082 a.
680 2031 1031 2081 DCCXXXV.
1068 2037 1322 2083 collocat.
1361 2031 1443 2094 Cf.
1486 2037 1578 2080 Ca-

180 2105 303 2154 tull.
342 2120 386 2148 s.
413 2104 573 2165 XIII.
610 2101 848 2163 ejusdem
884 2105 1218 2162 argumenti,
1266 2101 1578 2148 hilarioris-

181 2186 277 2229 que
312 2172 566 2216 incessus.

518 2362 1242 2408 Adnotationes.

271 2511 305 2534 v.
331 2510 347 2536 1
377 2518 422 2527 —
447 2509 502 2536 12.
542 2498 636 2535 Cum
673 2499 900 2536 suavissima
933 2498 1002 2532 hac
1028 2496 1124 2531 vetis
1152 2493 1402 2542 descriptione
1426 2502 1576 2540 compa-

179 2574 279 2599 rasse
318 2561 457 2604 iuvabit
491 2562 614 2596 Nostri
647 2562 674 2596 I.
704 2573 735 2603 4.
763 2563 843 2597 init.
868 2564 905 2596 et
930 2559 994 2594 IV.
1024 2571 1058 2601 7.
1093 2560 1172 2594 init.
1196 2554 1367 2591 Procedit
1388 2553 1462 2589 Ver
1485 2566 1570 2589 cum

177 2636 319 2681 pompa
346 2636 412 2662 sua
442 2623 586 2680 (quam
619 2623 817 2673 magnifice
851 2621 1077 2673 descriptam
1114 2617 1202 2657 vide
1228 2615 1327 2673 apud
1353 2615 1500 2652 Lucret.
1523 2613 1569 2649 V·
