<?xml version="1.0" encoding="UTF-8"?>
<!DOCTYPE html PUBLIC "-//W3C//DTD XHTML 1.0 Transitional//EN"
    "http://www.w3.org/TR/xhtml1/DTD/xhtml1-transitional.dtd">
<html xmlns="http://www.w3.org/1999/xhtml" xml:lang="en" lang="en">
 <head>
  <title>
</title>
<meta http-equiv="Content-Type" content="text/html;charset=utf-8" />
  <meta name='ocr-system' content='tesseract 3.04.00' />
  <meta name='ocr-capabilities' content='ocr_page ocr_carea ocr_par ocr_line ocrx_word'/>
</head>
<body>
  <div class='ocr_page' id='page_1' title='image "./quintihoratiifla02horauoft/quintihoratiifla02horauoft_0200.png"; bbox 0 0 1737 3054; ppageno 0'>
   <div class='ocr_carea' id='block_1_1' title="bbox 542 187 1297 347">
    <p class='ocr_par' dir='ltr' id='par_1_1' title="bbox 542 187 1297 347">
     <span class='ocr_line' id='line_1_1' title="bbox 725 187 1098 239; baseline -0.005 -25"><span class='ocrx_word' id='word_1_1' title='bbox 725 205 782 214; x_wconf 83' lang='lat'><em>-.</em></span> <span class='ocrx_word' id='word_1_2' title='bbox 874 187 956 239; x_wconf 77' lang='lat'><em>¹94</em></span> <span class='ocrx_word' id='word_1_3' title='bbox 1040 203 1098 212; x_wconf 85' lang='grc'><em>..-</em></span> 
     </span>
     <span class='ocr_line' id='line_1_2' title="bbox 542 298 1297 347; baseline -0.008 -1"><span class='ocrx_word' id='word_1_4' title='bbox 542 298 1084 347; x_wconf 79' lang='lat' dir='ltr'><em>ARGUMENTUM</em></span> <span class='ocrx_word' id='word_1_5' title='bbox 1122 298 1297 345; x_wconf 86' lang='lat' dir='ltr'><em>XVII.</em></span> 
     </span>
    </p>
   </div>
   <div class='ocr_carea' id='block_1_2' title="bbox 733 403 1106 422">
    <p class='ocr_par' dir='ltr' id='par_1_2' title="bbox 733 403 1106 422">
     <span class='ocr_line' id='line_1_3' title="bbox 733 403 1106 422; baseline -0.003 -2"><span class='ocrx_word' id='word_1_6' title='bbox 733 403 1106 422; x_wconf 57' lang='lat' dir='ltr'><em>mmmmm</em></span> 
     </span>
    </p>
   </div>
   <div class='ocr_carea' id='block_1_3' title="bbox 223 446 1665 2431">
    <p class='ocr_par' dir='ltr' id='par_1_3' title="bbox 223 446 1665 2431">
     <span class='ocr_line' id='line_1_4' title="bbox 227 446 1618 521; baseline -0.005 0"><span class='ocrx_word' id='word_1_7' title='bbox 227 446 433 521; x_wconf 56' lang='lat' dir='ltr'><em>,Yocose</em></span> <span class='ocrx_word' id='word_1_8' title='bbox 459 471 723 517; x_wconf 80' lang='lat' dir='ltr'><em>Horatius</em></span> <span class='ocrx_word' id='word_1_9' title='bbox 745 473 844 515; x_wconf 79' lang='lat' dir='ltr'><em>hoe</em></span> <span class='ocrx_word' id='word_1_10' title='bbox 879 472 1120 516; x_wconf 81' lang='lat' dir='ltr'><em>carmine</em></span> <span class='ocrx_word' id='word_1_11' title='bbox 1143 471 1281 515; x_wconf 81' lang='lat' dir='ltr'><em>diem</em></span> <span class='ocrx_word' id='word_1_12' title='bbox 1316 471 1618 516; x_wconf 87' lang='lat' dir='ltr'><em>crastinum</em></span> 
     </span>
     <span class='ocr_line' id='line_1_5' title="bbox 226 537 1619 600; baseline 0 -17"><span class='ocrx_word' id='word_1_13' title='bbox 226 544 520 600; x_wconf 80' lang='lat' dir='ltr'><em>praetexta</em></span> <span class='ocrx_word' id='word_1_14' title='bbox 552 538 710 581; x_wconf 86' lang='lat' dir='ltr'><em>Genii</em></span> <span class='ocrx_word' id='word_1_15' title='bbox 724 538 995 595; x_wconf 72' lang='lat' dir='ltr'><em>religione</em></span> <span class='ocrx_word' id='word_1_16' title='bbox 1021 537 1320 594; x_wconf 75' lang='lat' dir='ltr'><em>genialiter</em></span> <span class='ocrx_word' id='word_1_17' title='bbox 1345 539 1619 597; x_wconf 69' lang='lat' dir='ltr'><em>agendum</em></span> 
     </span>
     <span class='ocr_line' id='line_1_6' title="bbox 230 597 1618 660; baseline 0 -12"><span class='ocrx_word' id='word_1_18' title='bbox 230 606 386 652; x_wconf 85' lang='lat' dir='ltr'><em>Aelio</em></span> <span class='ocrx_word' id='word_1_19' title='bbox 426 604 652 647; x_wconf 79' lang='lat' dir='ltr'><strong><em>Lamiae</em></strong></span> <span class='ocrx_word' id='word_1_20' title='bbox 696 601 924 654; x_wconf 81' lang='lat' dir='ltr'><em>indicit,</em></span> <span class='ocrx_word' id='word_1_21' title='bbox 959 597 1220 660; x_wconf 86' lang='lat' dir='ltr'><em>feriandi</em></span> <span class='ocrx_word' id='word_1_22' title='bbox 1261 605 1543 647; x_wconf 76' lang='lat' dir='ltr'><em>occasione</em></span> <span class='ocrx_word' id='word_1_23' title='bbox 1582 621 1618 648; x_wconf 84' lang='lat' dir='ltr'><em>a</em></span> 
     </span>
     <span class='ocr_line' id='line_1_7' title="bbox 228 665 1616 730; baseline -0.003 -16"><span class='ocrx_word' id='word_1_24' title='bbox 228 669 540 730; x_wconf 85' lang='lat' dir='ltr'><em>procellosa</em></span> <span class='ocrx_word' id='word_1_25' title='bbox 583 682 646 710; x_wconf 90' lang='lat' dir='ltr'><em>ac</em></span> <span class='ocrx_word' id='word_1_26' title='bbox 684 666 878 722; x_wconf 79' lang='lat' dir='ltr'><em>pluvia</em></span> <span class='ocrx_word' id='word_1_27' title='bbox 919 670 1235 724; x_wconf 76' lang='lat' dir='ltr'><em>tempestate</em></span> <span class='ocrx_word' id='word_1_28' title='bbox 1275 665 1390 726; x_wconf 70' lang='lat' dir='ltr'><em>(cj&#39;.</em></span> <span class='ocrx_word' id='word_1_29' title='bbox 1420 669 1464 712; x_wconf 93' lang='lat' dir='ltr'><em>I.</em></span> <span class='ocrx_word' id='word_1_30' title='bbox 1493 685 1537 726; x_wconf 89' lang='lat'><em>9.</em></span> <span class='ocrx_word' id='word_1_31' title='bbox 1568 685 1616 712; x_wconf 79' lang='lat' dir='ltr'><em>v.</em></span> 
     </span>
     <span class='ocr_line' id='line_1_8' title="bbox 231 729 1618 791; baseline 0.003 -18"><span class='ocrx_word' id='word_1_32' title='bbox 231 731 346 791; x_wconf 71' lang='grc' dir='ltr'><em>η.)</em></span> <span class='ocrx_word' id='word_1_33' title='bbox 390 733 653 785; x_wconf 72' lang='lat' dir='ltr'><em>desumta,</em></span> <span class='ocrx_word' id='word_1_34' title='bbox 690 746 848 789; x_wconf 84' lang='lat' dir='ltr'><em>quam</em></span> <span class='ocrx_word' id='word_1_35' title='bbox 863 729 1061 791; x_wconf 86' lang='lat' dir='ltr'><em>facete</em></span> <span class='ocrx_word' id='word_1_36' title='bbox 1095 732 1338 775; x_wconf 86' lang='lat' dir='ltr'><em>crastino</em></span> <span class='ocrx_word' id='word_1_37' title='bbox 1372 733 1456 776; x_wconf 82' lang='lat' dir='ltr'><em>die</em></span> <span class='ocrx_word' id='word_1_38' title='bbox 1495 748 1618 777; x_wconf 80' lang='lat' dir='ltr'><em>exo-</em></span> 
     </span>
     <span class='ocr_line' id='line_1_9' title="bbox 229 798 1614 859; baseline 0 -17"><span class='ocrx_word' id='word_1_39' title='bbox 229 802 465 846; x_wconf 79' lang='lat' dir='ltr'><em>riturum</em></span> <span class='ocrx_word' id='word_1_40' title='bbox 495 813 528 842; x_wconf 89' lang='lat' dir='ltr'><em>a</em></span> <span class='ocrx_word' id='word_1_41' title='bbox 559 799 771 859; x_wconf 80' lang='lat' dir='ltr'><em>cornice</em></span> <span class='ocrx_word' id='word_1_42' title='bbox 798 799 1038 842; x_wconf 84' lang='lat' dir='ltr'><em>monitus</em></span> <span class='ocrx_word' id='word_1_43' title='bbox 1062 798 1288 841; x_wconf 79' lang='lat' dir='ltr'><em>Lamiae</em></span> <span class='ocrx_word' id='word_1_44' title='bbox 1307 800 1614 859; x_wconf 71' lang='lat' dir='ltr'><em>praesagit.</em></span> 
     </span>
     <span class='ocr_line' id='line_1_10' title="bbox 226 862 1620 922; baseline -0.001 -13"><span class='ocrx_word' id='word_1_45' title='bbox 226 864 398 909; x_wconf 76' lang='lat' dir='ltr'><em>Habet</em></span> <span class='ocrx_word' id='word_1_46' title='bbox 441 865 654 906; x_wconf 84' lang='lat' dir='ltr'><em>omnino</em></span> <span class='ocrx_word' id='word_1_47' title='bbox 700 864 796 908; x_wconf 80' lang='lat' dir='ltr'><em>lzoc</em></span> <span class='ocrx_word' id='word_1_48' title='bbox 835 879 1084 916; x_wconf 86' lang='lat' dir='ltr'><em>carmen,</em></span> <span class='ocrx_word' id='word_1_49' title='bbox 1131 863 1179 904; x_wconf 89' lang='lat' dir='ltr'><em>si</em></span> <span class='ocrx_word' id='word_1_50' title='bbox 1205 862 1469 906; x_wconf 89' lang='lat' dir='ltr'><em>incessum</em></span> <span class='ocrx_word' id='word_1_51' title='bbox 1495 862 1620 922; x_wconf 83' lang='lat' dir='ltr'><em>ejus</em></span> 
     </span>
     <span class='ocr_line' id='line_1_11' title="bbox 228 928 1619 988; baseline -0.001 -15"><span class='ocrx_word' id='word_1_52' title='bbox 228 935 372 976; x_wconf 86' lang='lat' dir='ltr'><em>recte</em></span> <span class='ocrx_word' id='word_1_53' title='bbox 390 929 693 986; x_wconf 73' lang='lat' dir='ltr'><em>expendas,</em></span> <span class='ocrx_word' id='word_1_54' title='bbox 729 930 956 973; x_wconf 87' lang='lat' dir='ltr'><em>multum</em></span> <span class='ocrx_word' id='word_1_55' title='bbox 979 928 1302 980; x_wconf 74' lang='lat' dir='ltr'><em>venustatis,</em></span> <span class='ocrx_word' id='word_1_56' title='bbox 1332 929 1619 988; x_wconf 75' lang='lat' dir='ltr'><em>proditque</em></span> 
     </span>
     <span class='ocr_line' id='line_1_12' title="bbox 230 995 1622 1055; baseline -0.007 -16"><span class='ocrx_word' id='word_1_57' title='bbox 230 1010 509 1039; x_wconf 89' lang='lat' dir='ltr'><em>amoenum</em></span> <span class='ocrx_word' id='word_1_58' title='bbox 539 996 757 1038; x_wconf 80' lang='lat' dir='ltr'><em>Horatii</em></span> <span class='ocrx_word' id='word_1_59' title='bbox 783 996 1063 1055; x_wconf 70' lang='lat' dir='ltr'><em>ingenium</em></span> <span class='ocrx_word' id='word_1_60' title='bbox 1082 1025 1094 1048; x_wconf 90' lang='lat'><em>,</em></span> <span class='ocrx_word' id='word_1_61' title='bbox 1132 1010 1248 1037; x_wconf 87' lang='lat' dir='ltr'><em>cum</em></span> <span class='ocrx_word' id='word_1_62' title='bbox 1277 995 1469 1038; x_wconf 82' lang='lat' dir='ltr'><em>amicis</em></span> <span class='ocrx_word' id='word_1_63' title='bbox 1511 996 1622 1042; x_wconf 80' lang='lat' dir='ltr'><em>(in-</em></span> 
     </span>
     <span class='ocr_line' id='line_1_13' title="bbox 231 1060 1616 1118; baseline -0.001 -13"><span class='ocrx_word' id='word_1_64' title='bbox 231 1068 318 1105; x_wconf 87' lang='lat' dir='ltr'><em>ter</em></span> <span class='ocrx_word' id='word_1_65' title='bbox 348 1076 477 1118; x_wconf 88' lang='lat' dir='ltr'><em>quos</em></span> <span class='ocrx_word' id='word_1_66' title='bbox 506 1061 753 1104; x_wconf 82' lang='lat' dir='ltr'><em>Lamiam</em></span> <span class='ocrx_word' id='word_1_67' title='bbox 781 1062 952 1117; x_wconf 85' lang='lat' dir='ltr'><em>primo</em></span> <span class='ocrx_word' id='word_1_68' title='bbox 987 1062 1105 1104; x_wconf 86' lang='lat' dir='ltr'><em>loco</em></span> <span class='ocrx_word' id='word_1_69' title='bbox 1131 1074 1393 1103; x_wconf 64' lang='lat' dir='ltr'><em>muniet-es.</em></span> <span class='ocrx_word' id='word_1_70' title='bbox 1427 1060 1543 1103; x_wconf 79' lang='lat' dir='ltr'><em>Vid.</em></span> <span class='ocrx_word' id='word_1_71' title='bbox 1571 1060 1616 1103; x_wconf 91' lang='lat' dir='ltr'><em>I.</em></span> 
     </span>
     <span class='ocr_line' id='line_1_14' title="bbox 232 1122 1624 1184; baseline -0.003 -13"><span class='ocrx_word' id='word_1_72' title='bbox 232 1130 309 1171; x_wconf 69' lang='lat'><em>215.</em></span> <span class='ocrx_word' id='word_1_73' title='bbox 341 1127 425 1174; x_wconf 78' lang='lat'><em>8.)</em></span> <span class='ocrx_word' id='word_1_74' title='bbox 458 1122 652 1184; x_wconf 85' lang='lat' dir='ltr'><em>facete</em></span> <span class='ocrx_word' id='word_1_75' title='bbox 667 1124 923 1184; x_wconf 87' lang='lat' dir='ltr'><em>jocantis</em></span> <span class='ocrx_word' id='word_1_76' title='bbox 949 1125 1299 1184; x_wconf 81' lang='lat' dir='ltr'><em>jucundeque</em></span> <span class='ocrx_word' id='word_1_77' title='bbox 1333 1127 1624 1168; x_wconf 73' lang='lat' dir='ltr'><em>convivan-</em></span> 
     </span>
     <span class='ocr_line' id='line_1_15' title="bbox 229 1190 1622 1249; baseline -0.002 -13"><span class='ocrx_word' id='word_1_78' title='bbox 229 1194 318 1236; x_wconf 87' lang='lat' dir='ltr'><em>tis.</em></span> <span class='ocrx_word' id='word_1_79' title='bbox 353 1190 585 1246; x_wconf 79' lang='lat' dir='ltr'><em>Lepidos</em></span> <span class='ocrx_word' id='word_1_80' title='bbox 620 1198 798 1234; x_wconf 85' lang='lat' dir='ltr'><em>autem</em></span> <span class='ocrx_word' id='word_1_81' title='bbox 841 1199 1030 1249; x_wconf 83' lang='lat' dir='ltr'><em>poetae</em></span> <span class='ocrx_word' id='word_1_82' title='bbox 1060 1190 1224 1249; x_wconf 88' lang='lat' dir='ltr'><em>jocos</em></span> <span class='ocrx_word' id='word_1_83' title='bbox 1255 1197 1303 1232; x_wconf 90' lang='lat' dir='ltr'><em>et</em></span> <span class='ocrx_word' id='word_1_84' title='bbox 1335 1192 1390 1232; x_wconf 86' lang='lat' dir='ltr'><em>in</em></span> <span class='ocrx_word' id='word_1_85' title='bbox 1415 1206 1622 1234; x_wconf 84' lang='lat' dir='ltr'><em>summa</em></span> 
     </span>
     <span class='ocr_line' id='line_1_16' title="bbox 231 1253 1625 1315; baseline -0.004 -13"><span class='ocrx_word' id='word_1_86' title='bbox 231 1257 492 1302; x_wconf 78' lang='lat' dir='ltr'><em>carminis</em></span> <span class='ocrx_word' id='word_1_87' title='bbox 532 1263 581 1299; x_wconf 80' lang='lat' dir='ltr'><em>et</em></span> <span class='ocrx_word' id='word_1_88' title='bbox 625 1257 679 1299; x_wconf 87' lang='lat' dir='ltr'><em>in</em></span> <span class='ocrx_word' id='word_1_89' title='bbox 720 1262 830 1300; x_wconf 83' lang='lat' dir='ltr'><em>toto</em></span> <span class='ocrx_word' id='word_1_90' title='bbox 865 1256 986 1315; x_wconf 85' lang='lat' dir='ltr'><em>ejus</em></span> <span class='ocrx_word' id='word_1_91' title='bbox 1013 1257 1204 1299; x_wconf 76' lang='lat' dir='ltr'><em>habitu</em></span> <span class='ocrx_word' id='word_1_92' title='bbox 1219 1253 1407 1314; x_wconf 85' lang='lat' dir='ltr'><em>facile</em></span> <span class='ocrx_word' id='word_1_93' title='bbox 1443 1256 1625 1312; x_wconf 85' lang='lat' dir='ltr'><em>depre-</em></span> 
     </span>
     <span class='ocr_line' id='line_1_17' title="bbox 231 1322 1623 1378; baseline -0.001 -12"><span class='ocrx_word' id='word_1_94' title='bbox 231 1322 452 1367; x_wconf 74' lang='lat' dir='ltr'><em>hendas.</em></span> <span class='ocrx_word' id='word_1_95' title='bbox 527 1324 798 1365; x_wconf 86' lang='lat' dir='ltr'><em>Summam</em></span> <span class='ocrx_word' id='word_1_96' title='bbox 850 1322 1076 1366; x_wconf 80' lang='lat' dir='ltr'><em>Lamiae</em></span> <span class='ocrx_word' id='word_1_97' title='bbox 1138 1322 1623 1378; x_wconf 74' lang='lat' dir='ltr'><em>exspectationem,</em></span> 
     </span>
     <span class='ocr_line' id='line_1_18' title="bbox 234 1384 1628 1449; baseline -0.001 -18"><span class='ocrx_word' id='word_1_98' title='bbox 234 1405 392 1449; x_wconf 83' lang='lat' dir='ltr'><em>quam</em></span> <span class='ocrx_word' id='word_1_99' title='bbox 436 1387 658 1430; x_wconf 75' lang='lat' dir='ltr'><em>exordio</em></span> <span class='ocrx_word' id='word_1_100' title='bbox 686 1384 945 1446; x_wconf 78' lang='lat' dir='ltr'><em>fecerat,</em></span> <span class='ocrx_word' id='word_1_101' title='bbox 982 1392 1262 1432; x_wconf 81' lang='lat' dir='ltr'><em>stemmate</em></span> <span class='ocrx_word' id='word_1_102' title='bbox 1298 1384 1418 1444; x_wconf 86' lang='lat' dir='ltr'><em>ejus</em></span> <span class='ocrx_word' id='word_1_103' title='bbox 1441 1387 1508 1429; x_wconf 87' lang='lat' dir='ltr'><em>ab</em></span> <span class='ocrx_word' id='word_1_104' title='bbox 1533 1402 1628 1431; x_wconf 84' lang='lat' dir='ltr'><em>an-</em></span> 
     </span>
     <span class='ocr_line' id='line_1_19' title="bbox 235 1453 1629 1512; baseline -0.003 -15"><span class='ocrx_word' id='word_1_105' title='bbox 235 1454 539 1512; x_wconf 83' lang='lat' dir='ltr'><em>tiquissimo</em></span> <span class='ocrx_word' id='word_1_106' title='bbox 577 1467 739 1511; x_wconf 88' lang='lat' dir='ltr'><em>usque</em></span> <span class='ocrx_word' id='word_1_107' title='bbox 764 1453 934 1496; x_wconf 90' lang='lat' dir='ltr'><em>Lamo</em></span> <span class='ocrx_word' id='word_1_108' title='bbox 972 1453 1275 1497; x_wconf 81' lang='lat' dir='ltr'><em>deducendo</em></span> <span class='ocrx_word' id='word_1_109' title='bbox 1295 1483 1306 1505; x_wconf 82' lang='lat'><em>,</em></span> <span class='ocrx_word' id='word_1_110' title='bbox 1345 1453 1528 1510; x_wconf 90' lang='lat' dir='ltr'><em>reique</em></span> <span class='ocrx_word' id='word_1_111' title='bbox 1547 1466 1629 1494; x_wconf 80' lang='lat' dir='ltr'><em>ve-</em></span> 
     </span>
     <span class='ocr_line' id='line_1_20' title="bbox 235 1517 1630 1575; baseline -0.005 -10"><span class='ocrx_word' id='word_1_112' title='bbox 235 1521 457 1565; x_wconf 85' lang='lat' dir='ltr'><em>ritatem</em></span> <span class='ocrx_word' id='word_1_113' title='bbox 485 1519 687 1575; x_wconf 85' lang='lat' dir='ltr'><em>partim</em></span> <span class='ocrx_word' id='word_1_114' title='bbox 721 1519 927 1561; x_wconf 68' lang='lat' dir='ltr'><em>levibus</em></span> <span class='ocrx_word' id='word_1_115' title='bbox 943 1520 1145 1574; x_wconf 84' lang='lat' dir='ltr'><em>partim</em></span> <span class='ocrx_word' id='word_1_116' title='bbox 1173 1517 1531 1575; x_wconf 66' lang='lat' dir='ltr'><em>gravioribus</em></span> <span class='ocrx_word' id='word_1_117' title='bbox 1543 1531 1630 1560; x_wconf 87' lang='lat' dir='ltr'><em>ar-</em></span> 
     </span>
     <span class='ocr_line' id='line_1_21' title="bbox 232 1583 1665 1646; baseline -0.003 -18"><span class='ocrx_word' id='word_1_118' title='bbox 232 1585 509 1646; x_wconf 71' lang='lat' dir='ltr'><em>gumentis</em></span> <span class='ocrx_word' id='word_1_119' title='bbox 535 1583 860 1636; x_wconf 78' lang='lat' dir='ltr'><em>adserendo,</em></span> <span class='ocrx_word' id='word_1_120' title='bbox 892 1584 1328 1639; x_wconf 78' lang='lat' dir='ltr'><em>tempestatisque</em></span> <span class='ocrx_word' id='word_1_121' title='bbox 1356 1598 1389 1626; x_wconf 85' lang='lat' dir='ltr'><em>a</em></span> <span class='ocrx_word' id='word_1_122' title='bbox 1413 1583 1630 1625; x_wconf 87' lang='lat' dir='ltr'><em>cornice</em></span> <span class='ocrx_word' id='word_1_123' title='bbox 1659 1629 1665 1631; x_wconf 48' lang='grc'>,</span> 
     </span>
     <span class='ocr_line' id='line_1_22' title="bbox 233 1648 1628 1709; baseline -0.003 -16"><span class='ocrx_word' id='word_1_124' title='bbox 233 1649 566 1709; x_wconf 81' lang='lat' dir='ltr'><em>praedictae,</em></span> <span class='ocrx_word' id='word_1_125' title='bbox 596 1650 1096 1692; x_wconf 85' lang='lat' dir='ltr'><em>commemoratione</em></span> <span class='ocrx_word' id='word_1_126' title='bbox 1117 1648 1523 1705; x_wconf 74' lang='lat' dir='ltr'><em>aliquantisper</em></span> <span class='ocrx_word' id='word_1_127' title='bbox 1544 1661 1628 1689; x_wconf 87' lang='lat' dir='ltr'><em>su-</em></span> 
     </span>
     <span class='ocr_line' id='line_1_23' title="bbox 232 1712 1627 1773; baseline -0.004 -14"><span class='ocrx_word' id='word_1_128' title='bbox 232 1730 482 1773; x_wconf 87' lang='lat' dir='ltr'><em>spensam</em></span> <span class='ocrx_word' id='word_1_129' title='bbox 503 1745 515 1763; x_wconf 82' lang='lat'><em>,</em></span> <span class='ocrx_word' id='word_1_130' title='bbox 553 1717 633 1758; x_wconf 88' lang='lat' dir='ltr'><em>ita</em></span> <span class='ocrx_word' id='word_1_131' title='bbox 649 1715 907 1758; x_wconf 73' lang='lat' dir='ltr'><em>extremis</em></span> <span class='ocrx_word' id='word_1_132' title='bbox 933 1713 1137 1755; x_wconf 86' lang='lat' dir='ltr'><em>demum</em></span> <span class='ocrx_word' id='word_1_133' title='bbox 1166 1727 1248 1754; x_wconf 71' lang='grc' dir='ltr'><em>υυ.</em></span> <span class='ocrx_word' id='word_1_134' title='bbox 1269 1712 1515 1768; x_wconf 72' lang='lat' dir='ltr'><em>explicat</em></span> <span class='ocrx_word' id='word_1_135' title='bbox 1532 1727 1627 1754; x_wconf 84' lang='lat' dir='ltr'><em>seu</em></span> 
     </span>
     <span class='ocr_line' id='line_1_24' title="bbox 234 1773 1629 1840; baseline -0.005 -15"><span class='ocrx_word' id='word_1_136' title='bbox 234 1782 416 1840; x_wconf 87' lang='lat' dir='ltr'><em>potius</em></span> <span class='ocrx_word' id='word_1_137' title='bbox 448 1780 618 1823; x_wconf 85' lang='lat' dir='ltr'><em>eludit</em></span> <span class='ocrx_word' id='word_1_138' title='bbox 639 1811 650 1831; x_wconf 92' lang='lat'><em>,</em></span> <span class='ocrx_word' id='word_1_139' title='bbox 686 1785 746 1821; x_wconf 87' lang='lat' dir='ltr'><em>ut</em></span> <span class='ocrx_word' id='word_1_140' title='bbox 776 1779 1075 1823; x_wconf 83' lang='lat' dir='ltr'><em>crastinum</em></span> <span class='ocrx_word' id='word_1_141' title='bbox 1103 1777 1236 1820; x_wconf 76' lang='lat' dir='ltr'><em>diem</em></span> <span class='ocrx_word' id='word_1_142' title='bbox 1270 1773 1432 1819; x_wconf 69' lang='lat' dir='ltr'><em>‘Genio</em></span> <span class='ocrx_word' id='word_1_143' title='bbox 1466 1777 1629 1818; x_wconf 67' lang='lat' dir='ltr'><em>omni«</em></span> 
     </span>
     <span class='ocr_line' id='line_1_25' title="bbox 237 1839 1629 1905; baseline -0.005 -15"><span class='ocrx_word' id='word_1_144' title='bbox 237 1860 411 1905; x_wconf 81' lang='lat' dir='ltr'><em>noque</em></span> <span class='ocrx_word' id='word_1_145' title='bbox 452 1839 732 1889; x_wconf 77' lang='lat' dir='ltr'><em>convivali</em></span> <span class='ocrx_word' id='word_1_146' title='bbox 766 1843 1052 1887; x_wconf 75' lang='lat' dir='ltr'><em>hilaritati</em></span> <span class='ocrx_word' id='word_1_147' title='bbox 1087 1842 1318 1903; x_wconf 77' lang='lat' dir='ltr'><em>dandum</em></span> <span class='ocrx_word' id='word_1_148' title='bbox 1346 1843 1629 1898; x_wconf 81' lang='lat' dir='ltr'><em>pronunti-</em></span> 
     </span>
     <span class='ocr_line' id='line_1_26' title="bbox 236 1902 1631 1964; baseline -0.005 -9"><span class='ocrx_word' id='word_1_149' title='bbox 236 1919 303 1955; x_wconf 90' lang='lat' dir='ltr'><em>et.</em></span> <span class='ocrx_word' id='word_1_150' title='bbox 347 1911 564 1954; x_wconf 82' lang='lat' dir='ltr'><em>Urbane</em></span> <span class='ocrx_word' id='word_1_151' title='bbox 593 1926 646 1953; x_wconf 89' lang='lat' dir='ltr'><em>se</em></span> <span class='ocrx_word' id='word_1_152' title='bbox 679 1911 757 1954; x_wconf 89' lang='lat' dir='ltr'><em>ita</em></span> <span class='ocrx_word' id='word_1_153' title='bbox 789 1908 953 1951; x_wconf 85' lang='lat' dir='ltr'><em>simul</em></span> <span class='ocrx_word' id='word_1_154' title='bbox 990 1909 1270 1951; x_wconf 73' lang='lat' dir='ltr'><em>convivam</em></span> <span class='ocrx_word' id='word_1_155' title='bbox 1299 1905 1526 1951; x_wconf 88' lang='lat' dir='ltr'><em>Lamiae</em></span> <span class='ocrx_word' id='word_1_156' title='bbox 1546 1902 1631 1964; x_wconf 60' lang='lat' dir='ltr'><em>of:</em></span> 
     </span>
     <span class='ocr_line' id='line_1_27' title="bbox 223 1969 1630 2039; baseline -0.003 -19"><span class='ocrx_word' id='word_1_157' title='bbox 223 1975 392 2039; x_wconf 86' lang='lat' dir='ltr'><em>ferre</em></span> <span class='ocrx_word' id='word_1_158' title='bbox 423 1977 739 2029; x_wconf 86' lang='lat' dir='ltr'><em>Horatium,</em></span> <span class='ocrx_word' id='word_1_159' title='bbox 786 1976 1056 2019; x_wconf 77' lang='lat' dir='ltr'><em>urbanum</em></span> <span class='ocrx_word' id='word_1_160' title='bbox 1097 1987 1347 2033; x_wconf 84' lang='lat' dir='ltr'><em>quemque</em></span> <span class='ocrx_word' id='word_1_161' title='bbox 1385 1969 1630 2030; x_wconf 72' lang='lat' dir='ltr'><em>suu-sfa-</em></span> 
     </span>
     <span class='ocr_line' id='line_1_28' title="bbox 238 2038 1644 2097; baseline -0.005 -11"><span class='ocrx_word' id='word_1_162' title='bbox 238 2044 343 2087; x_wconf 88' lang='lat' dir='ltr'><em>cile</em></span> <span class='ocrx_word' id='word_1_163' title='bbox 368 2057 557 2086; x_wconf 86' lang='lat' dir='ltr'><em>sensus</em></span> <span class='ocrx_word' id='word_1_164' title='bbox 598 2040 818 2084; x_wconf 82' lang='lat' dir='ltr'><em>docebit.</em></span> <span class='ocrx_word' id='word_1_165' title='bbox 864 2041 958 2084; x_wconf 89' lang='lat' dir='ltr'><em>Ita</em></span> <span class='ocrx_word' id='word_1_166' title='bbox 989 2055 1112 2082; x_wconf 80' lang='lat' dir='ltr'><em>vero</em></span> <span class='ocrx_word' id='word_1_167' title='bbox 1154 2040 1203 2082; x_wconf 91' lang='lat' dir='ltr'><em>si</em></span> <span class='ocrx_word' id='word_1_168' title='bbox 1235 2038 1400 2081; x_wconf 89' lang='lat' dir='ltr'><em>totius</em></span> <span class='ocrx_word' id='word_1_169' title='bbox 1433 2038 1644 2097; x_wconf 31' lang='lat' dir='ltr'><em>carmi--</em></span> 
     </span>
     <span class='ocr_line' id='line_1_29' title="bbox 237 2099 1628 2168; baseline -0.005 -16"><span class='ocrx_word' id='word_1_170' title='bbox 237 2111 323 2152; x_wconf 86' lang='lat' dir='ltr'><em>nis</em></span> <span class='ocrx_word' id='word_1_171' title='bbox 363 2109 465 2151; x_wconf 86' lang='lat' dir='ltr'><em>tibi</em></span> <span class='ocrx_word' id='word_1_172' title='bbox 497 2104 710 2168; x_wconf 70' lang='lat' dir='ltr'><em>fingas</em></span> <span class='ocrx_word' id='word_1_173' title='bbox 758 2107 1068 2166; x_wconf 72' lang='lat' dir='ltr'><em>ingenium,</em></span> <span class='ocrx_word' id='word_1_174' title='bbox 1119 2105 1430 2162; x_wconf 81' lang='lat' dir='ltr'><em>neutiquam</em></span> <span class='ocrx_word' id='word_1_175' title='bbox 1455 2099 1628 2160; x_wconf 84' lang='lat' dir='ltr'><em>ferro</em></span> 
     </span>
     <span class='ocr_line' id='line_1_30' title="bbox 239 2169 1629 2233; baseline -0.005 -16"><span class='ocrx_word' id='word_1_176' title='bbox 239 2190 373 2233; x_wconf 84' lang='lat' dir='ltr'><em>opus</em></span> <span class='ocrx_word' id='word_1_177' title='bbox 400 2174 538 2227; x_wconf 80' lang='lat' dir='ltr'><em>erit,</em></span> <span class='ocrx_word' id='word_1_178' title='bbox 576 2188 675 2232; x_wconf 88' lang='lat' dir='ltr'><em>quo</em></span> <span class='ocrx_word' id='word_1_179' title='bbox 704 2187 983 2216; x_wconf 88' lang='lat' dir='ltr'><em>amoenam</em></span> <span class='ocrx_word' id='word_1_180' title='bbox 1012 2171 1180 2228; x_wconf 84' lang='lat' dir='ltr'><em>lepidi</em></span> <span class='ocrx_word' id='word_1_181' title='bbox 1203 2175 1393 2228; x_wconf 88' lang='lat' dir='ltr'><em>poetae</em></span> <span class='ocrx_word' id='word_1_182' title='bbox 1413 2169 1629 2212; x_wconf 69' lang='lat' dir='ltr'><em>luscuri-</em></span> 
     </span>
     <span class='ocr_line' id='line_1_31' title="bbox 241 2236 1627 2296; baseline -0.004 -14"><span class='ocrx_word' id='word_1_183' title='bbox 241 2256 319 2283; x_wconf 90' lang='lat' dir='ltr'><em>em</em></span> <span class='ocrx_word' id='word_1_184' title='bbox 353 2253 674 2296; x_wconf 87' lang='lat' dir='ltr'><em>compescas.</em></span> <span class='ocrx_word' id='word_1_185' title='bbox 725 2239 906 2296; x_wconf 87' lang='lat' dir='ltr'><em>Neque</em></span> <span class='ocrx_word' id='word_1_186' title='bbox 933 2236 1238 2281; x_wconf 85' lang='lat' dir='ltr'><em>mirandum</em></span> <span class='ocrx_word' id='word_1_187' title='bbox 1262 2237 1443 2293; x_wconf 82' lang='lat' dir='ltr'><em>utique</em></span> <span class='ocrx_word' id='word_1_188' title='bbox 1464 2265 1476 2287; x_wconf 89' lang='lat'><em>,</em></span> <span class='ocrx_word' id='word_1_189' title='bbox 1513 2239 1627 2277; x_wconf 82' lang='lat' dir='ltr'><em>tam:</em></span> 
     </span>
     <span class='ocr_line' id='line_1_32' title="bbox 239 2297 1626 2365; baseline -0.005 -16"><span class='ocrx_word' id='word_1_190' title='bbox 239 2297 608 2365; x_wconf 76' lang='lat' dir='ltr'><em>artificiosum</em></span> <span class='ocrx_word' id='word_1_191' title='bbox 649 2305 911 2348; x_wconf 89' lang='lat' dir='ltr'><em>carminis</em></span> <span class='ocrx_word' id='word_1_192' title='bbox 949 2308 1260 2348; x_wconf 80' lang='lat' dir='ltr'><em>contextum</em></span> <span class='ocrx_word' id='word_1_193' title='bbox 1294 2302 1626 2357; x_wconf 77' lang='lat' dir='ltr'><em>interpretes</em></span> 
     </span>
     <span class='ocr_line' id='line_1_33' title="bbox 239 2370 810 2431; baseline -0.011 -14"><span class='ocrx_word' id='word_1_194' title='bbox 239 2372 419 2417; x_wconf 82' lang='lat' dir='ltr'><em>minus</em></span> <span class='ocrx_word' id='word_1_195' title='bbox 452 2370 810 2431; x_wconf 77' lang='lat' dir='ltr'><em>perspexisse.</em></span> 
     </span>
    </p>
   </div>
   <div class='ocr_carea' id='block_1_4' title="bbox 674 2479 1188 2527">
    <p class='ocr_par' dir='ltr' id='par_1_4' title="bbox 674 2479 1188 2527">
     <span class='ocr_line' id='line_1_34' title="bbox 674 2479 1188 2527; baseline 0.002 -2"><span class='ocrx_word' id='word_1_196' title='bbox 674 2479 1188 2527; x_wconf 74' lang='lat' dir='ltr'><em>Adnotationes.</em></span> 
     </span>
    </p>
   </div>
   <div class='ocr_carea' id='block_1_5' title="bbox 238 2586 1631 2706">
    <p class='ocr_par' dir='ltr' id='par_1_5' title="bbox 238 2586 1631 2706">
     <span class='ocr_line' id='line_1_35' title="bbox 334 2586 1631 2638; baseline -0.005 -13"><span class='ocrx_word' id='word_1_197' title='bbox 334 2604 369 2627; x_wconf 89' lang='lat' dir='ltr'><em>v.</em></span> <span class='ocrx_word' id='word_1_198' title='bbox 402 2601 434 2629; x_wconf 71' lang='lat'><em>1.</em></span> <span class='ocrx_word' id='word_1_199' title='bbox 465 2591 629 2625; x_wconf 79' lang='lat' dir='ltr'><em>Vetusto</em></span> <span class='ocrx_word' id='word_1_200' title='bbox 651 2590 792 2627; x_wconf 76' lang='lat' dir='ltr'><em>nobilis</em></span> <span class='ocrx_word' id='word_1_201' title='bbox 813 2590 860 2625; x_wconf 83' lang='lat' dir='ltr'><em>ab</em></span> <span class='ocrx_word' id='word_1_202' title='bbox 882 2591 1004 2625; x_wconf 86' lang='lat' dir='ltr'><em>Lamo</em></span> <span class='ocrx_word' id='word_1_203' title='bbox 1020 2617 1031 2633; x_wconf 85' lang='lat'><em>,</em></span> <span class='ocrx_word' id='word_1_204' title='bbox 1057 2590 1309 2625; x_wconf 68' lang='lat' dir='ltr'><em>nobilissimae</em></span> <span class='ocrx_word' id='word_1_205' title='bbox 1332 2586 1551 2638; x_wconf 75' lang='lat' dir='ltr'><em>prosapiae,</em></span> <span class='ocrx_word' id='word_1_206' title='bbox 1576 2591 1631 2618; x_wconf 79' lang='lat' dir='ltr'><em>ut-</em></span> 
     </span>
     <span class='ocr_line' id='line_1_36' title="bbox 238 2647 1631 2706; baseline -0.009 -13"><span class='ocrx_word' id='word_1_207' title='bbox 238 2662 325 2706; x_wconf 74' lang='lat' dir='ltr'><em>pote</em></span> <span class='ocrx_word' id='word_1_208' title='bbox 348 2653 393 2692; x_wconf 78' lang='lat' dir='ltr'><em>ab</em></span> <span class='ocrx_word' id='word_1_209' title='bbox 418 2656 498 2703; x_wconf 81' lang='lat' dir='ltr'><em>ipso</em></span> <span class='ocrx_word' id='word_1_210' title='bbox 523 2653 663 2700; x_wconf 71' lang='lat' dir='ltr'><em>Lamo,</em></span> <span class='ocrx_word' id='word_1_211' title='bbox 697 2652 991 2704; x_wconf 67' lang='lat' dir='ltr'><em>Laestrygonum</em></span> <span class='ocrx_word' id='word_1_212' title='bbox 1014 2665 1127 2701; x_wconf 80' lang='lat' dir='ltr'><em>rege,</em></span> <span class='ocrx_word' id='word_1_213' title='bbox 1153 2650 1346 2690; x_wconf 73' lang='lat' dir='ltr'><em>deductae.</em></span> <span class='ocrx_word' id='word_1_214' title='bbox 1380 2647 1521 2685; x_wconf 65' lang='lat' dir='ltr'><em>Multas</em></span> <span class='ocrx_word' id='word_1_215' title='bbox 1546 2659 1631 2694; x_wconf 80' lang='lat' dir='ltr'><em>gen-</em></span> 
     </span>
    </p>
   </div>
  </div>
 </body>
</html>
