1737 3054
647 246 702 257 ...-
791 233 845 271 25
934 245 991 257 --

205 352 306 400 Nec
332 350 586 410 quisquam
619 343 738 388 citus
766 358 920 405 aeque

270 415 436 462 Tusco
459 412 655 457 denatat
677 408 832 454 alveo.

143 545 302 592 Prima
338 551 480 592 nocte
508 543 711 589 domum
744 537 944 585 claude:
980 552 1140 599 neque
1176 536 1227 582 in
1252 533 1354 581 vias

147 612 246 658 Sub
277 620 419 657 cantu
453 607 685 673 querulae
719 606 917 666 despice
955 603 1133 649 tibiae:

208 677 268 722 Et
306 684 352 721 te
379 694 521 739 saepe
557 678 747 720 vocanti

273 744 465 790 Duram
502 741 712 788 difficilis
749 754 911 783 mane.

646 848 1036 874 mmmmm

773 1013 905 1059 VIII.

485 1121 582 1166 AD
638 1117 1201 1167 MAECENATEM.

649 1230 1040 1255 mmmmm

152 1311 414 1407 Martiis
440 1354 628 1399 caelebs
657 1355 770 1415 quid
802 1370 946 1416 agam
972 1353 1231 1408 Kalendis,

157 1424 289 1486 Quid
323 1420 472 1465 velint
507 1420 684 1472 flores,
719 1426 766 1460 et
796 1431 964 1460 acerra
1000 1418 1125 1463 turis

158 1491 333 1544 Plena3
358 1486 582 1535 mirariS,
607 1481 893 1544 positusque
931 1482 1080 1528 carbo

411 1548 603 1609 Cespite
639 1553 777 1602 vivo,

159 1685 316 1728 Docte
352 1697 602 1727 sermones
633 1680 888 1743 utriusque
922 1680 1139 1743 linguae.

156 1753 402 1796 voveram
433 1747 588 1792 dulcis
620 1747 786 1809 epulas
819 1754 868 1793 et
903 1747 1073 1792 album

156 1816 339 1862 Libero
365 1830 596 1874 caprum,
632 1829 787 1876 prope
825 1814 1081 1859 funeratus

409 1879 606 1924 Arboris
636 1880 754 1927 ictu.

160 2011 248 2055 Hic
284 2011 386 2056 dies
417 2028 543 2056 anno
577 2011 814 2057 redeunte
843 2011 991 2057 festus

162 2078 409 2123 Corticem
435 2078 727 2124 adstrictum
764 2079 872 2138 pice
896 2076 1180 2124 demovebit

168 2144 442 2206 Amphorae
460 2144 657 2188 fumum
674 2143 846 2191 hibere
884 2145 1134 2193 institutae

418 2211 627 2256 Consule
660 2211 826 2259 Tullo.

170 2340 346 2397 Sume,
373 2341 634 2388 Maecenas
652 2375 666 2396 ,
704 2342 902 2404 cyathos
931 2347 1078 2388 amici

171 2408 374 2467 Sospitis
400 2416 628 2463 centum,
666 2416 714 2454 et
740 2410 909 2471 vigiles
947 2410 1173 2455 lucernas

169 2473 339 2520 Perfer
366 2475 417 2519 in
443 2475 633 2520 lucem:
670 2476 849 2535 procul
880 2482 1038 2523 omnis
1069 2482 1172 2521 esto

423 2541 622 2586 Clamor
645 2550 694 2587 et
723 2543 815 2588 ira.

169 2671 317 2716 Mitte
341 2658 494 2717 civiiis
525 2690 674 2736 super
702 2675 838 2721 Urbe
872 2691 1011 2721 curas
1034 2693 1048 2720 ε

171 2737 365 2785 Occidit
396 2740 518 2785 Daci
547 2742 789 2788 Cotisonis
826 2757 1039 2803 agmen:

1465 599 1529 645 50

1495 2088 1552 2118 lo

1502 2466 1559 2526 {5
