1737 3054
625 127 996 187 -367—

119 252 274 313 ferat
313 248 525 295 laudem
560 248 854 304 poeticam,
893 262 1050 292 ”nunc
1086 254 1338 304 tueatur,
1372 252 1502 298 inte,

115 330 375 380 gramque
397 319 691 360 conservet.
733 313 881 363 Tum,
921 318 981 354 ut
1009 315 1191 356 omnia
1221 323 1363 360 recte
1387 335 1503 376 per.

116 388 404 445 agantur3
461 383 638 422 sumta
676 377 1113 422 clzorodidascali
1156 394 1391 435 persona
1431 386 1502 428 ad

115 451 335 494 chorum
372 445 639 490 convertit
666 459 749 498 se,
794 449 1069 502 monetque
1104 457 1249 499 eum,
1291 452 1349 488 ut
1372 463 1503 506 gra-

113 513 375 565 vissimis,
411 525 544 569 quas
570 511 625 553 in
652 523 706 553 se
734 509 961 553 tuendas
988 512 1281 565 receperit,
1320 526 1385 554 ne
1422 514 1502 555 de-

111 579 183 625 sit
196 577 448 636 partibus
466 606 479 629 ‚
513 576 810 634 proposita,
841 590 943 634 qua
968 575 1204 619 studium
1232 575 1355 636 ejus
1381 593 1502 622 acu-

113 649 202 697 at,
227 641 635 702 jucundissima
663 640 921 700 quondam
949 643 1031 684 rei
1055 641 1184 684 bene
1209 648 1399 702 gestae
1425 659 1503 687 re-

111 709 459 758 cordatione„
481 709 611 753 ,Iam
637 709 693 750 in
728 706 1015 751 tractando
1046 708 1146 750 hoc
1173 716 1499 769 argumento

109 774 368 835 quomodo
385 780 635 819 versatus
651 773 721 815 sit
731 778 903 830 poeta,
927 775 1115 830 paucis
1129 772 1502 831 dispiciamus.

109 832 486 900 assagmjficum
518 840 705 884 statim
730 852 952 894 prorsus
980 845 1084 893 est,
1121 841 1259 895 quod
1288 843 1502 886 univer-

111 921 167 950 so
201 906 435 951 carmini
461 904 792 964 antiquioris
832 903 1027 961 Ity-mni
1055 905 1297 950 habitum
1323 907 1500 951 indue-

111 974 204 1016 rit.
255 969 423 1031 Cujus
452 985 609 1028 quum
646 970 940 1027 praecipua
975 983 1109 1025 pars
1149 971 1205 1013 in
1234 973 1292 1016 la
1309 972 1503 1018 udibus

110 1036 381 1081 exorandi
403 1036 640 1079 numinis
665 1035 844 1091 posita
872 1036 955 1088 sit,
987 1035 1188 1079 delecte
1213 1038 1500 1083 admodum

106 1109 265 1160 poeta
298 1116 388 1144 eas
432 1100 713 1158 Apollinis
758 1103 987 1144 virtutes
1009 1109 1324 1159 percenset5
1361 1120 1499 1163 quae

108 1169 405 1212 maximum
433 1164 783 1226 adfuturam
810 1181 914 1210 rem
942 1167 1240 1211 Romanam
1276 1185 1502 1213 momen-

110 1239 220 1277 tum
252 1233 533 1276 haberent.
577 1233 764 1291 Igitur
789 1232 1034 1289 exposita
1060 1233 1338 1290 Apollinis
1358 1251 1390 1278 a
1410 1236 1503 1279 Ni-

113 1299 208 1342 obe
258 1299 535 1357 Tityoque
574 1302 751 1340 sumta
789 1298 1027 1340 vindicta
1060 1300 1114 1341 in
1150 1300 1393 1354 Achille,
1430 1302 1497 1344 ab

113 1365 290 1409 eodem
316 1365 544 1422 sagittis
570 1359 822 1421 confosso
845 1393 859 1413 ,
891 1364 1107 1418 haeret,
1144 1365 1201 1407 in
1231 1380 1500 1410 exornan-

107 1429 278 1489 daque
319 1426 659 1489 lmjusfacti
689 1429 1064 1487 magnitudine
1097 1430 1202 1474 sibi
1239 1434 1501 1475 maximo-

106 1511 232 1552 pere
275 1495 562 1554 indulget;
623 1495 761 1553 quod
788 1494 1014 1552 quidem,
1051 1510 1156 1538 non
1183 1502 1292 1539 tam
1323 1499 1499 1542 nisum.

108 1561 352 1618 lyricum
394 1566 679 1620 sequutus,
729 1575 885 1618 quam
916 1561 1097 1617 potius
1139 1577 1337 1605 summo
1378 1580 1497 1608 cum

99 1626 308 1687 judicii
341 1626 586 1670 acumine
611 1622 819 1684 fecisse
846 1624 1012 1669 videri
1034 1626 1215 1675 debet,
1263 1630 1498 1686 quando-

108 1693 319 1750 quidem
361 1692 484 1736 sola
521 1690 759 1736 Achillis
799 1697 960 1735 morte
1001 1690 1252 1755 effectum
1292 1701 1399 1747 est,
1434 1702 1492 1739 ut

113 1756 365 1817 Trojana
390 1773 555 1819 gens,
591 1772 700 1800 non
727 1756 1122 1814 plane‘deleta,
1172 1759 1497 1805 laetioribus

106 1825 457 1868 incrementis
489 1824 819 1877 revirescere
857 1825 1110 1880 potuerit.
1162 1825 1306 1882 Quae
1334 1841 1495 1885 quam

112 1889 365 1946 adposita
408 1890 480 1935 ad
507 1890 768 1933 carminis
815 1889 1082 1933 secularis
1110 1899 1494 1950 argumentum

106 1952 453 2014 sint,facile
495 1957 713 2014 quisque
758 1955 1056 2015 intelligat.
1110 1955 1244 2000 Tum
1274 1958 1496 2017 religio-

107 2036 198 2073 so,
245 2029 302 2065 ut
341 2023 421 2065 ita
456 2022 665 2073 dicam,
717 2021 927 2063 incessu
958 2023 1342 2082 gravitateque
1375 2039 1495 2066 con-

109 2088 274 2131 cinna
328 2087 519 2147 ubique
571 2087 874 2132 sententias
927 2088 1210 2143 procedere
1269 2088 1451 2133 videas
1475 2120 1490 2142 ,

107 2153 348 2197 masculo
381 2155 648 2198 orationis
674 2153 863 2212 vigore
893 2153 1052 2209 probe
1091 2154 1490 2199 corroboratas.

432 2302 1149 2349 Adnotationes.

205 2419 275 2454 Vv.
309 2430 340 2456 ι.
367 2431 421 2465 15.
452 2423 662 2473 Occupatur
687 2432 798 2471 poeta
822 2424 1054 2461 celebrandis
1081 2425 1265 2476 Apollinis
1295 2424 1464 2462 laudibus
1482 2455 1492 2469 ,

103 2480 258 2529 speciali
280 2482 476 2529 insignium
501 2498 649 2534 operum
683 2483 731 2520 ab
760 2487 840 2533 ipso
865 2485 1064 2528 editorum,
1092 2498 1188 2538 quae
1208 2490 1403 2524 maximam
1430 2504 1495 2524 nu-

105 2543 211 2577 minis
233 2546 308 2588 ejus
338 2546 540 2592 potentiam
564 2555 742 2594 arguunt,
782 2546 927 2584 adtexta
955 2560 1122 2589 recensu3
1150 2562 1223 2600 quo
1249 2549 1396 2601 quidem
1421 2553 1498 2596 pri-

105 2616 250 2640 scorum
282 2605 502 2654 hymnorum
537 2606 672 2646 faciem
708 2608 820 2659 plane
857 2612 1126 2660 repraesentari
1150 2610 1262 2648 facile
1293 2612 1490 2660 intelligas.
