1737 3054
623 213 678 220 .-.
768 193 851 251 267
938 213 993 221 ...-

133 311 251 371 ejus
275 310 523 368 partibus
550 309 730 352 omnia
763 307 1217 358 elaboratissima,
1249 308 1518 367 esc-cellen<

134 377 359 422 lissima,
394 382 550 432 atque
580 372 900 416 omni'laude
924 373 1208 427 superiora
1223 370 1240 411 .'
1275 373 1316 415 P
1334 390 1360 414 o
1378 380 1395 414 t
1413 375 1514 415 uit

132 455 298 501 quae
349 439 644 482 maxima
700 439 933 482 virtus
969 451 1127 487 esse,
1150 433 1331 496 fuit.
1370 439 1516 493 (luae

131 518 229 567 quo
253 505 447 548 melius
473 504 889 562 intelligantur,
919 502 980 544 de
1011 509 1352 562 argumento,
1383 500 1521 557 ejus-

131 584 230 631 que
259 570 593 612 tractatione
620 570 701 612 ita
726 570 891 621 habe.-
919 567 1291 611 Maecenatem
1318 568 1519 610 invitat

129 641 320 694 poeta,
360 640 444 681 ut,
481 635 693 678 relictis
719 634 947 677 urbanis
973 634 1239 693 negotiis,
1276 632 1522 690 aliquan-

136 702 306 745 tulum
337 701 591 757 temporis
615 699 688 743 'ad
719 714 771 742 se
797 701 853 741 in
886 697 1081 742 villam
1114 698 1403 752 conce-dat,
1437 712 1524 756 ge-

135 768 327 824 nioque
362 766 437 808 ibi
465 766 787 823 indulgeat,
838 765 1148 817 momentis,
1185 764 1375 822 quibus
1408 777 1523 805 eum

135 845 457 889 expugnare
484 838 746 882 conatur,
780 831 982 888 partim
1001 830 1075 873 ab.
1099 825 1523 888 urbisfastz'dio,

135 896 273 956 qnod
301 895 466 938 luxus
499 895 620 954 ejus
652 895 950 953 aliquando
980 896 1213 955 gignat,
1247 896 1453 952 partim
1490 908 1526 937 (ι

121 959 541 1021 ferventissimo
583 962 719 1003 anni
758 965 990 1016 tempore
1028 960 1304 1003 desumtis.
1353 962 1526 1017 Quum

134 1032 311 1069 autem
353 1026 726 1069 Maecenatem
756 1021 1114 1082 praefectura
1164 1025 1340 1077 Urbis,
1368 1041 1527 1084 quam

136 1096 245 1134 tum
289 1093 581 1134 sustineret
624 1090 728 1137 (ab
772 1106 820 1133 a.
853 1089 1278 1139 DCCXXXJII.)
1330 1090 1527 1133 sollici-

136 1164 323 1215 tusque
345 1156 537 1212 paullo
560 1161 794 1214 gereret,
828 1156 1080 1208 maxime,
1118 1171 1216 1214 quo
1247 1156 1422 1199 minus
1447 1171 1526 1198 co·

133 1223 279 1279 piam
317 1218 673 1279 saifaceret‚
722 1220 976 1278 impediri
1001 1222 1374 1280 intelligeret,-
1409 1236 1526 1278 poe·

139 1294 194 1331 ta
214 1318 226 1340 ,
274 1302 306 1330 a
340 1287 509 1330 nimia
539 1289 649 1330 ista
671 1285 1043 1330 sollicitudine
1079 1301 1191 1329 eum
1222 1287 1531 1329 dehortatu-

136 1367 229 1398 rus
269 1353 524 1410 graviter
564 1351 829 1403 ostendit,
876 1353 1040 1395 certis
1071 1350 1234 1396 curas
1266 1354 1402 1395 istas
1429 1353 1527 1395 cin

138 1418 427 1477 cumscribi
472 1422 718 1473 oportere
738 1408 959 1475 finibus
979 1447 991 1469 ,
1048 1432 1111 1459 ne
1161 1418 1331 1467 bona,
1389 1432 1527 1475 quae

139 1497 402 1541 praesens
430 1483 566 1525 hora
604 1483 919 1541 largiatur,
955 1479 1529 1539 penitus'elabantur5

128 1545 564 1607 futurarumque
592 1562 770 1591 rerum
799 1562 983 1590 curam
1005 1562 1199 1591 vanam
1232 1562 1340 1591 esse
1367 1554 1529 1606 atque

143 1614 410 1656 inutilem.
458 1613 594 1655 Hinc
617 1609 882 1669 fluminis
908 1613 1244 1656 exundantis
1273 1614 1388 1655 ritu
1411 1628 1530 1670 pro-

141 1678 385 1722 volvitur
420 1679 748 1721 concitatior
789 1683 980 1734 poetae
1023 1679 1282 1734 spiritus,
1331 1692 1399 1720 ex
1433 1694 1529 1722 suo

140 1744 200 1786 de
243 1744 400 1787 rebus
424 1743 704 1796 humanis,
738 1743 1144 1802 praesentisque
1179 1746 1435 1801 temporis
1471 1745 1531 1786 in

142 1810 285 1852 vitae
312 1809 727 1862 incertitudine,
759 1806 1126 1867 fortunaeque
1151 1811 1529 1854 inconstantia

126 1871 331 1935 fructu
361 1875 671 1931 arripiendo
689 1905 700 1925 ‚
737 1889 895 1918 sensu
922 1873 1070 1919 altus
1086 1880 1247 1933 atque
1266 1877 1529 1930 nutritus,

143 1941 443 1984 Exsultare
497 1946 715 1998 poetam
765 1940 917 1984 dicas
943 1970 955 1992 ,
1017 1939 1530 1999 immensumque

145 2002 505 2065 profundo
555 2021 671 2049 ore
719 2011 1057 2059 ruentem,
1110 2006 1201 2048 nbi
1234 2021 1388 2049 veros
1415 2007 1533 2050 ani-

143 2072 216 2113 mi
244 2086 426 2114 sensus
451 2071 663 2129 prodit,
700 2086 842 2114 nunc
876 2071 1274 2115 enuntiationis
1300 2073 1531 2115 brevita-

147 2141 214 2188 te,
236 2151 378 2181 nunc
405 2138 769 2182 exuberantia
801 2153 897 2180 sua
924 2135 1067 2185 (vide
1091 2138 1225 2180 milli
1249 2153 1295 2180 υ.
1318 2139 1378 2182 55
1395 2143 1531 2196 sqq.)

144 2202 382 2246 animum
421 2196 658 2264 mirifice
699 2195 1037 2263 adficientes.
1094 2203 1194 2264 Qui
1228 2203 1325 2246 hoc
1361 2203 1532 2262 perle-

145 2272 228 2310 cto
267 2269 504 2312 carmine
530 2284 638 2312 non
668 2269 989 2319 incaluerit,
1037 2283 1139 2311 nae
1179 2269 1274 2314 ille
1316 2269 1530 2326 Apolli-2.

146 2347 240 2385 ne,
287 2333 490 2386 Musis,
541 2335 852 2392 Gratiisque
888 2335 1099 2378 aversis
1124 2335 1182 2376 in
1224 2334 1344 2380 dias
1371 2351 1424 2379 se
1456 2337 1532 2382 lu<

143 2399 306 2445 minis
332 2415 499 2445 auras
530 2399 835 2462 projectum
862 2399 1044 2444 nullus
1073 2399 1294 2445 dubitet.

577 2511 1093 2558 Adnotationes.

239 2632 273 2652 v.
303 2629 332 2653 1.
356 2618 556 2666 Auguskius
575 2627 687 2672 atque
713 2622 890 2660 illustrius
914 2634 1105 2659 exorsurus
1129 2634 1275 2658 carmen
1301 2630 1409 2671 poeta
1431 2624 1532 2661 Mae·

150 2687 319 2716 cenatem
350 2679 628 2730 Tyrrhenoxum
659 2696 723 2720 seu
748 2683 984 2723 Etruseorum
1010 2695 1134 2731 regum
1164 2686 1262 2733 (pro
1283 2699 1353 2735 quo
1373 2688 1536 2738 exciam,
