<?xml version="1.0" encoding="UTF-8"?>
<!DOCTYPE html PUBLIC "-//W3C//DTD XHTML 1.0 Transitional//EN"
    "http://www.w3.org/TR/xhtml1/DTD/xhtml1-transitional.dtd">
<html xmlns="http://www.w3.org/1999/xhtml" xml:lang="en" lang="en">
 <head>
  <title>
</title>
<meta http-equiv="Content-Type" content="text/html;charset=utf-8" />
  <meta name='ocr-system' content='tesseract 3.04.00' />
  <meta name='ocr-capabilities' content='ocr_page ocr_carea ocr_par ocr_line ocrx_word'/>
</head>
<body>
  <div class='ocr_page' id='page_1' title='image "./quintihoratiifla02horauoft/quintihoratiifla02horauoft_0340.png"; bbox 0 0 1737 3054; ppageno 0'>
   <div class='ocr_carea' id='block_1_1' title="bbox 770 203 1143 244">
    <p class='ocr_par' dir='ltr' id='par_1_1' title="bbox 770 203 1143 244">
     <span class='ocr_line' id='line_1_1' title="bbox 770 203 1143 244; baseline 0 -21"><span class='ocrx_word' id='word_1_1' title='bbox 770 203 1143 244; x_wconf 76' lang='lat'>-332..</span> 
     </span>
    </p>
   </div>
   <div class='ocr_carea' id='block_1_2' title="bbox 244 300 1667 2573">
    <p class='ocr_par' dir='ltr' id='par_1_2' title="bbox 251 300 1667 1031">
     <span class='ocr_line' id='line_1_2' title="bbox 257 300 1659 351; baseline 0.006 -16"><span class='ocrx_word' id='word_1_2' title='bbox 257 300 329 337; x_wconf 85' lang='lat' dir='ltr'>lior</span> <span class='ocrx_word' id='word_1_3' title='bbox 352 314 395 337; x_wconf 88' lang='lat' dir='ltr'>eo</span> <span class='ocrx_word' id='word_1_4' title='bbox 415 304 575 340; x_wconf 83' lang='lat' dir='ltr'>exstitit.</span> <span class='ocrx_word' id='word_1_5' title='bbox 593 303 734 340; x_wconf 78' lang='lat' dir='ltr'>Eadem</span> <span class='ocrx_word' id='word_1_6' title='bbox 754 302 877 340; x_wconf 83' lang='lat' dir='ltr'>forma</span> <span class='ocrx_word' id='word_1_7' title='bbox 903 307 932 343; x_wconf 81' lang='grc' dir='ltr'>Ι.</span> <span class='ocrx_word' id='word_1_8' title='bbox 948 317 1004 343; x_wconf 73' lang='grc' dir='ltr'>η.</span> <span class='ocrx_word' id='word_1_9' title='bbox 1019 317 1074 351; x_wconf 87' lang='grc' dir='ltr'>ι7.</span> <span class='ocrx_word' id='word_1_10' title='bbox 1095 306 1192 343; x_wconf 78' lang='lat' dir='ltr'>adde</span> <span class='ocrx_word' id='word_1_11' title='bbox 1212 306 1323 343; x_wconf 79' lang='lat' dir='ltr'>ovid.</span> <span class='ocrx_word' id='word_1_12' title='bbox 1339 318 1382 342; x_wconf 90' lang='lat' dir='ltr'>ex</span> <span class='ocrx_word' id='word_1_13' title='bbox 1406 307 1444 342; x_wconf 86' lang='lat' dir='ltr'>P.</span> <span class='ocrx_word' id='word_1_14' title='bbox 1473 307 1503 342; x_wconf 94' lang='grc' dir='ltr'>Ι.</span> <span class='ocrx_word' id='word_1_15' title='bbox 1520 319 1552 342; x_wconf 66' lang='lat' dir='ltr'>a.</span> <span class='ocrx_word' id='word_1_16' title='bbox 1582 317 1659 343; x_wconf 77' lang='lat' dir='ltr'>ioo.</span> 
     </span>
     <span class='ocr_line' id='line_1_3' title="bbox 257 363 1663 418; baseline 0.005 -22"><span class='ocrx_word' id='word_1_17' title='bbox 257 363 380 399; x_wconf 84' lang='lat' dir='ltr'>Alma</span> <span class='ocrx_word' id='word_1_18' title='bbox 404 364 497 400; x_wconf 82' lang='lat' dir='ltr'>nihil</span> <span class='ocrx_word' id='word_1_19' title='bbox 520 370 643 414; x_wconf 82' lang='lat' dir='ltr'>majus</span> <span class='ocrx_word' id='word_1_20' title='bbox 668 366 824 402; x_wconf 75' lang='lat' dir='ltr'>Caesare</span> <span class='ocrx_word' id='word_1_21' title='bbox 839 368 1077 415; x_wconf 77' lang='lat' dir='ltr'>ter-raserat.</span> <span class='ocrx_word' id='word_1_22' title='bbox 1113 367 1182 404; x_wconf 86' lang='lat' dir='ltr'>Pro</span> <span class='ocrx_word' id='word_1_23' title='bbox 1211 369 1408 412; x_wconf 85' lang='lat' dir='ltr'>„exstitit“</span> <span class='ocrx_word' id='word_1_24' title='bbox 1425 368 1572 404; x_wconf 76' lang='lat' dir='ltr'>delecte</span> <span class='ocrx_word' id='word_1_25' title='bbox 1600 382 1663 418; x_wconf 78' lang='lat' dir='ltr'>po-</span> 
     </span>
     <span class='ocr_line' id='line_1_4' title="bbox 259 426 1662 477; baseline 0.005 -18"><span class='ocrx_word' id='word_1_26' title='bbox 259 433 343 467; x_wconf 79' lang='lat' dir='ltr'>eta,</span> <span class='ocrx_word' id='word_1_27' title='bbox 370 426 467 473; x_wconf 84' lang='lat' dir='ltr'>sata</span> <span class='ocrx_word' id='word_1_28' title='bbox 506 434 541 462; x_wconf 83' lang='lat' dir='ltr'>et</span> <span class='ocrx_word' id='word_1_29' title='bbox 565 426 663 461; x_wconf 81' lang='lat' dir='ltr'>Divi</span> <span class='ocrx_word' id='word_1_30' title='bbox 693 426 881 463; x_wconf 84' lang='lat' dir='ltr'><em>donavere</em></span> <span class='ocrx_word' id='word_1_31' title='bbox 914 429 1054 474; x_wconf 76' lang='lat' dir='ltr'>terris,</span> <span class='ocrx_word' id='word_1_32' title='bbox 1095 433 1194 477; x_wconf 78' lang='lat' dir='ltr'>gigni</span> <span class='ocrx_word' id='word_1_33' title='bbox 1233 431 1420 471; x_wconf 79' lang='lat' dir='ltr'>voluere‚&#39;</span> <span class='ocrx_word' id='word_1_34' title='bbox 1446 442 1662 466; x_wconf 73' lang='lat' dir='ltr'>concessere</span> 
     </span>
     <span class='ocr_line' id='line_1_5' title="bbox 257 487 1660 542; baseline 0.003 -20"><span class='ocrx_word' id='word_1_35' title='bbox 257 487 479 523; x_wconf 74' lang='lat' dir='ltr'><strong>mortalibus</strong></span> <span class='ocrx_word' id='word_1_36' title='bbox 496 514 506 532; x_wconf 89' lang='lat'>‚</span> <span class='ocrx_word' id='word_1_37' title='bbox 541 497 694 538; x_wconf 83' lang='lat' dir='ltr'>propter</span> <span class='ocrx_word' id='word_1_38' title='bbox 728 487 946 537; x_wconf 75' lang='lat' dir='ltr'>adjunctam</span> <span class='ocrx_word' id='word_1_39' title='bbox 970 493 1101 525; x_wconf 75' lang='lat' dir='ltr'>summi</span> <span class='ocrx_word' id='word_1_40' title='bbox 1125 491 1207 526; x_wconf 85' lang='lat' dir='ltr'>boni</span> <span class='ocrx_word' id='word_1_41' title='bbox 1227 518 1237 532; x_wconf 89' lang='lat'><strong>‚</strong></span> <span class='ocrx_word' id='word_1_42' title='bbox 1273 505 1346 542; x_wconf 84' lang='lat' dir='ltr'>quo</span> <span class='ocrx_word' id='word_1_43' title='bbox 1375 496 1563 529; x_wconf 80' lang='lat' dir='ltr'>universus</span> <span class='ocrx_word' id='word_1_44' title='bbox 1590 498 1660 527; x_wconf 83' lang='lat' dir='ltr'>ter·</span> 
     </span>
     <span class='ocr_line' id='line_1_6' title="bbox 256 547 1667 597; baseline 0.002 -14"><span class='ocrx_word' id='word_1_45' title='bbox 256 560 377 584; x_wconf 79' lang='lat' dir='ltr'>rarum</span> <span class='ocrx_word' id='word_1_46' title='bbox 401 550 501 586; x_wconf 85' lang='lat' dir='ltr'>orbis</span> <span class='ocrx_word' id='word_1_47' title='bbox 530 558 746 591; x_wconf 76' lang='lat' dir='ltr'>recreatur,</span> <span class='ocrx_word' id='word_1_48' title='bbox 773 552 975 584; x_wconf 86' lang='lat' dir='ltr'>notionem.</span> <span class='ocrx_word' id='word_1_49' title='bbox 1011 568 1060 577; x_wconf 90' lang='lat'>-</span> <span class='ocrx_word' id='word_1_50' title='bbox 1083 548 1173 584; x_wconf 80' lang='lat' dir='ltr'>boni</span> <span class='ocrx_word' id='word_1_51' title='bbox 1191 578 1201 593; x_wconf 86' lang='lat'>‚</span> <span class='ocrx_word' id='word_1_52' title='bbox 1228 553 1305 587; x_wconf 71' lang='lat' dir='ltr'>Stoi</span> <span class='ocrx_word' id='word_1_53' title='bbox 1329 547 1465 594; x_wconf 69' lang='grc' dir='ltr'>ἁγαθοὶ</span> <span class='ocrx_word' id='word_1_54' title='bbox 1488 553 1571 597; x_wconf 88' lang='lat' dir='ltr'>(uti</span> <span class='ocrx_word' id='word_1_55' title='bbox 1597 554 1667 588; x_wconf 88' lang='lat' dir='ltr'>eti-</span> 
     </span>
     <span class='ocr_line' id='line_1_7' title="bbox 251 609 1645 662; baseline -0.001 -15"><span class='ocrx_word' id='word_1_56' title='bbox 251 625 313 647; x_wconf 70' lang='lat' dir='ltr'>am</span> <span class='ocrx_word' id='word_1_57' title='bbox 337 614 374 648; x_wconf 89' lang='lat' dir='ltr'>in</span> <span class='ocrx_word' id='word_1_58' title='bbox 399 614 561 648; x_wconf 84' lang='lat' dir='ltr'>nummis</span> <span class='ocrx_word' id='word_1_59' title='bbox 588 618 799 647; x_wconf 84' lang='lat' dir='ltr'>occurrunt.</span> <span class='ocrx_word' id='word_1_60' title='bbox 833 610 920 646; x_wconf 83' lang='lat' dir='ltr'>Vid.</span> <span class='ocrx_word' id='word_1_61' title='bbox 945 609 1148 660; x_wconf 78' lang='lat' dir='ltr'>Spanhem.</span> <span class='ocrx_word' id='word_1_62' title='bbox 1169 611 1216 645; x_wconf 83' lang='lat' dir='ltr'>de</span> <span class='ocrx_word' id='word_1_63' title='bbox 1241 622 1376 662; x_wconf 74' lang='lat' dir='ltr'>praest.</span> <span class='ocrx_word' id='word_1_64' title='bbox 1401 619 1436 648; x_wconf 86' lang='lat' dir='ltr'>et</span> <span class='ocrx_word' id='word_1_65' title='bbox 1458 625 1521 647; x_wconf 86' lang='lat' dir='ltr'>usu</span> <span class='ocrx_word' id='word_1_66' title='bbox 1547 612 1645 647; x_wconf 84' lang='lat' dir='ltr'>Num</span> 
     </span>
     <span class='ocr_line' id='line_1_8' title="bbox 256 671 1662 722; baseline 0.003 -16"><span class='ocrx_word' id='word_1_67' title='bbox 256 672 306 706; x_wconf 88' lang='grc' dir='ltr'>Τ.</span> <span class='ocrx_word' id='word_1_68' title='bbox 331 675 383 710; x_wconf 87' lang='lat'>11.</span> <span class='ocrx_word' id='word_1_69' title='bbox 405 686 439 722; x_wconf 88' lang='lat' dir='ltr'>p.</span> <span class='ocrx_word' id='word_1_70' title='bbox 468 675 566 717; x_wconf 83' lang='grc'>336.)</span> <span class='ocrx_word' id='word_1_71' title='bbox 591 671 790 714; x_wconf 74' lang='lat' dir='ltr'>benevoli;</span> <span class='ocrx_word' id='word_1_72' title='bbox 818 672 991 721; x_wconf 84' lang='lat' dir='ltr'>adposito</span> <span class='ocrx_word' id='word_1_73' title='bbox 1021 673 1207 722; x_wconf 80' lang='lat' dir='ltr'>epitheto·</span> <span class='ocrx_word' id='word_1_74' title='bbox 1237 673 1297 709; x_wconf 85' lang='lat' dir='ltr'>Cf.</span> <span class='ocrx_word' id='word_1_75' title='bbox 1323 674 1389 708; x_wconf 73' lang='lat' dir='ltr'>lv.</span> <span class='ocrx_word' id='word_1_76' title='bbox 1419 685 1453 719; x_wconf 87' lang='lat'>5.</span> <span class='ocrx_word' id='word_1_77' title='bbox 1482 683 1514 708; x_wconf 83' lang='lat'>1.</span> <span class='ocrx_word' id='word_1_78' title='bbox 1536 694 1580 700; x_wconf 91' lang='lat'><strong>—</strong></span> <span class='ocrx_word' id='word_1_79' title='bbox 1603 676 1662 718; x_wconf 83' lang='lat'>39.</span> 
     </span>
     <span class='ocr_line' id='line_1_9' title="bbox 257 732 1666 785; baseline -0.001 -17"><span class='ocrx_word' id='word_1_80' title='bbox 257 745 319 775; x_wconf 81' lang='grc' dir='ltr'>4ο.</span> <span class='ocrx_word' id='word_1_81' title='bbox 343 732 426 768; x_wconf 75' lang='lat' dir='ltr'>Nec</span> <span class='ocrx_word' id='word_1_82' title='bbox 449 733 621 778; x_wconf 74' lang='lat' dir='ltr'>dabunt,</span> <span class='ocrx_word' id='word_1_83' title='bbox 650 733 792 770; x_wconf 79' lang='lat' dir='ltr'>donare</span> <span class='ocrx_word' id='word_1_84' title='bbox 813 741 986 785; x_wconf 80' lang='lat' dir='ltr'>possunt,</span> <span class='ocrx_word' id='word_1_85' title='bbox 1012 735 1189 781; x_wconf 78' lang='lat' dir='ltr'>quamvis</span> <span class='ocrx_word' id='word_1_86' title='bbox 1215 739 1390 778; x_wconf 78' lang='lat' dir='ltr'>tempora</span> <span class='ocrx_word' id='word_1_87' title='bbox 1423 736 1463 769; x_wconf 82' lang='lat' dir='ltr'>in</span> <span class='ocrx_word' id='word_1_88' title='bbox 1489 733 1666 783; x_wconf 81' lang='lat' dir='ltr'>priscum</span> 
     </span>
     <span class='ocr_line' id='line_1_10' title="bbox 257 796 1664 839; baseline 0.001 -12"><span class='ocrx_word' id='word_1_89' title='bbox 257 806 398 828; x_wconf 85' lang='lat' dir='ltr'>aurum</span> <span class='ocrx_word' id='word_1_90' title='bbox 415 796 573 829; x_wconf 75' lang='lat' dir='ltr'>redeant</span> <span class='ocrx_word' id='word_1_91' title='bbox 588 822 599 838; x_wconf 85' lang='lat'>,</span> <span class='ocrx_word' id='word_1_92' title='bbox 634 798 768 832; x_wconf 86' lang='lat' dir='ltr'>iterum</span> <span class='ocrx_word' id='word_1_93' title='bbox 792 803 1007 839; x_wconf 78' lang='lat' dir='ltr'>mutentur,</span> <span class='ocrx_word' id='word_1_94' title='bbox 1032 798 1066 833; x_wconf 84' lang='lat' dir='ltr'>si</span> <span class='ocrx_word' id='word_1_95' title='bbox 1086 796 1146 833; x_wconf 88' lang='lat' dir='ltr'>vel</span> <span class='ocrx_word' id='word_1_96' title='bbox 1171 798 1332 832; x_wconf 84' lang='lat' dir='ltr'>maxime</span> <span class='ocrx_word' id='word_1_97' title='bbox 1354 809 1466 832; x_wconf 78' lang='lat' dir='ltr'>aurea</span> <span class='ocrx_word' id='word_1_98' title='bbox 1485 806 1583 832; x_wconf 85' lang='lat' dir='ltr'>aetas</span> <span class='ocrx_word' id='word_1_99' title='bbox 1610 808 1664 830; x_wconf 85' lang='lat' dir='ltr'>re-</span> 
     </span>
     <span class='ocr_line' id='line_1_11' title="bbox 258 857 1659 910; baseline 0.002 -20"><span class='ocrx_word' id='word_1_100' title='bbox 258 857 382 893; x_wconf 85' lang='lat' dir='ltr'>ditura</span> <span class='ocrx_word' id='word_1_101' title='bbox 413 859 487 899; x_wconf 80' lang='lat' dir='ltr'>sit;</span> <span class='ocrx_word' id='word_1_102' title='bbox 523 861 611 910; x_wconf 83' lang='lat' dir='ltr'>quia</span> <span class='ocrx_word' id='word_1_103' title='bbox 641 860 678 893; x_wconf 91' lang='lat' dir='ltr'>in</span> <span class='ocrx_word' id='word_1_104' title='bbox 705 860 776 894; x_wconf 73' lang='lat' dir='ltr'>ina</span> <span class='ocrx_word' id='word_1_105' title='bbox 800 871 926 894; x_wconf 88' lang='lat' dir='ltr'>omnes</span> <span class='ocrx_word' id='word_1_106' title='bbox 951 857 1072 908; x_wconf 86' lang='lat' dir='ltr'>probi.</span> <span class='ocrx_word' id='word_1_107' title='bbox 1095 877 1141 886; x_wconf 90' lang='lat'><strong>—</strong></span> <span class='ocrx_word' id='word_1_108' title='bbox 1163 860 1360 904; x_wconf 80' lang='lat' dir='ltr'>priscum,</span> <span class='ocrx_word' id='word_1_109' title='bbox 1387 861 1424 894; x_wconf 89' lang='lat' dir='ltr'>in</span> <span class='ocrx_word' id='word_1_110' title='bbox 1450 872 1520 910; x_wconf 83' lang='lat' dir='ltr'>qua</span> <span class='ocrx_word' id='word_1_111' title='bbox 1546 861 1659 905; x_wconf 86' lang='lat' dir='ltr'>primi</span> 
     </span>
     <span class='ocr_line' id='line_1_12' title="bbox 254 919 1663 971; baseline 0.001 -16"><span class='ocrx_word' id='word_1_112' title='bbox 254 921 433 955; x_wconf 72' lang='lat' dir='ltr'>homines</span> <span class='ocrx_word' id='word_1_113' title='bbox 455 921 639 955; x_wconf 83' lang='lat' dir='ltr'>vixerunt.</span> <span class='ocrx_word' id='word_1_114' title='bbox 663 919 722 955; x_wconf 84' lang='lat' dir='ltr'>Ad</span> <span class='ocrx_word' id='word_1_115' title='bbox 757 926 982 958; x_wconf 71' lang='lat' dir='ltr'>sententiam</span> <span class='ocrx_word' id='word_1_116' title='bbox 1017 922 1153 958; x_wconf 76' lang='lat' dir='ltr'>Noster</span> <span class='ocrx_word' id='word_1_117' title='bbox 1177 922 1276 971; x_wconf 88' lang='lat' dir='ltr'>Epp.</span> <span class='ocrx_word' id='word_1_118' title='bbox 1304 921 1351 957; x_wconf 88' lang='lat'>11.</span> <span class='ocrx_word' id='word_1_119' title='bbox 1378 933 1410 958; x_wconf 81' lang='grc' dir='ltr'>ι.</span> <span class='ocrx_word' id='word_1_120' title='bbox 1435 931 1492 964; x_wconf 77' lang='lat'>17.</span> <span class='ocrx_word' id='word_1_121' title='bbox 1521 921 1567 956; x_wconf 77' lang='lat' dir='ltr'>de</span> <span class='ocrx_word' id='word_1_122' title='bbox 1591 924 1663 956; x_wconf 86' lang='lat' dir='ltr'>Au-</span> 
     </span>
     <span class='ocr_line' id='line_1_13' title="bbox 253 980 1383 1031; baseline 0.001 -15"><span class='ocrx_word' id='word_1_123' title='bbox 253 989 359 1029; x_wconf 77' lang='lat' dir='ltr'>gusto</span> <span class='ocrx_word' id='word_1_124' title='bbox 378 995 387 1016; x_wconf 86' lang='lat'>:</span> <span class='ocrx_word' id='word_1_125' title='bbox 414 980 474 1014; x_wconf 82' lang='lat' dir='ltr'>nil</span> <span class='ocrx_word' id='word_1_126' title='bbox 496 980 690 1016; x_wconf 75' lang='lat' dir='ltr'>oriturum</span> <span class='ocrx_word' id='word_1_127' title='bbox 711 982 810 1016; x_wconf 83' lang='lat' dir='ltr'>alias</span> <span class='ocrx_word' id='word_1_128' title='bbox 826 1009 838 1026; x_wconf 86' lang='lat'><strong>,</strong></span> <span class='ocrx_word' id='word_1_129' title='bbox 870 983 930 1017; x_wconf 81' lang='lat' dir='ltr'>nil</span> <span class='ocrx_word' id='word_1_130' title='bbox 951 988 1079 1018; x_wconf 77' lang='lat' dir='ltr'>ortum</span> <span class='ocrx_word' id='word_1_131' title='bbox 1101 984 1179 1018; x_wconf 81' lang='lat' dir='ltr'>tale</span> <span class='ocrx_word' id='word_1_132' title='bbox 1189 985 1383 1031; x_wconf 78' lang='lat' dir='ltr'>fatentes.</span> 
     </span>
    </p>

    <p class='ocr_par' dir='ltr' id='par_1_3' title="bbox 248 1043 1665 1766">
     <span class='ocr_line' id='line_1_14' title="bbox 347 1043 1664 1097; baseline 0.003 -20"><span class='ocrx_word' id='word_1_133' title='bbox 347 1055 381 1077; x_wconf 84' lang='grc' dir='ltr'>υ.</span> <span class='ocrx_word' id='word_1_134' title='bbox 404 1045 464 1089; x_wconf 74' lang='grc'>41.</span> <span class='ocrx_word' id='word_1_135' title='bbox 486 1043 725 1080; x_wconf 71' lang='lat' dir='ltr'>Praeclarum</span> <span class='ocrx_word' id='word_1_136' title='bbox 747 1051 880 1095; x_wconf 83' lang='lat' dir='ltr'>poetae</span> <span class='ocrx_word' id='word_1_137' title='bbox 907 1045 1111 1082; x_wconf 72' lang='lat' dir='ltr'>artificium</span> <span class='ocrx_word' id='word_1_138' title='bbox 1139 1053 1218 1087; x_wconf 76' lang='lat' dir='ltr'>est,</span> <span class='ocrx_word' id='word_1_139' title='bbox 1256 1059 1332 1097; x_wconf 87' lang='lat' dir='ltr'>quo</span> <span class='ocrx_word' id='word_1_140' title='bbox 1354 1044 1513 1093; x_wconf 76' lang='lat' dir='ltr'>Augusti</span> <span class='ocrx_word' id='word_1_141' title='bbox 1537 1047 1664 1081; x_wconf 83' lang='lat' dir='ltr'>trium-</span> 
     </span>
     <span class='ocr_line' id='line_1_15' title="bbox 249 1103 1659 1157; baseline 0.003 -18"><span class='ocrx_word' id='word_1_142' title='bbox 249 1103 381 1153; x_wconf 71' lang='lat' dir='ltr'>phum,</span> <span class='ocrx_word' id='word_1_143' title='bbox 406 1105 494 1141; x_wconf 85' lang='lat' dir='ltr'>dum</span> <span class='ocrx_word' id='word_1_144' title='bbox 520 1106 684 1142; x_wconf 83' lang='lat' dir='ltr'>Antonio</span> <span class='ocrx_word' id='word_1_145' title='bbox 699 1107 904 1143; x_wconf 85' lang='lat' dir='ltr'>canendum</span> <span class='ocrx_word' id='word_1_146' title='bbox 928 1109 1110 1156; x_wconf 80' lang='lat' dir='ltr'>injungit,</span> <span class='ocrx_word' id='word_1_147' title='bbox 1137 1109 1215 1157; x_wconf 85' lang='lat' dir='ltr'>ipse</span> <span class='ocrx_word' id='word_1_148' title='bbox 1240 1120 1326 1143; x_wconf 82' lang='lat' dir='ltr'>vere</span> <span class='ocrx_word' id='word_1_149' title='bbox 1350 1106 1531 1148; x_wconf 79' lang='lat' dir='ltr'><strong>celebrat,</strong></span> <span class='ocrx_word' id='word_1_150' title='bbox 1552 1119 1659 1156; x_wconf 79' lang='lat' dir='ltr'>prae-</span> 
     </span>
     <span class='ocr_line' id='line_1_16' title="bbox 252 1166 1659 1220; baseline 0 -16"><span class='ocrx_word' id='word_1_151' title='bbox 252 1166 450 1202; x_wconf 78' lang='lat' dir='ltr'>formando</span> <span class='ocrx_word' id='word_1_152' title='bbox 487 1169 521 1204; x_wconf 90' lang='lat' dir='ltr'>ei</span> <span class='ocrx_word' id='word_1_153' title='bbox 547 1169 855 1220; x_wconf 80' lang='lat' dir='ltr'>suggerendoque</span> <span class='ocrx_word' id='word_1_154' title='bbox 874 1169 924 1205; x_wconf 82' lang='lat' dir='ltr'>ad</span> <span class='ocrx_word' id='word_1_155' title='bbox 949 1170 1044 1205; x_wconf 79' lang='lat' dir='ltr'>illud</span> <span class='ocrx_word' id='word_1_156' title='bbox 1064 1182 1215 1206; x_wconf 83' lang='lat' dir='ltr'>carmen</span> <span class='ocrx_word' id='word_1_157' title='bbox 1239 1168 1435 1205; x_wconf 72' lang='lat' dir='ltr'>materiam</span> <span class='ocrx_word' id='word_1_158' title='bbox 1451 1195 1459 1211; x_wconf 88' lang='lat'>‚</span> <span class='ocrx_word' id='word_1_159' title='bbox 1491 1180 1588 1220; x_wconf 85' lang='lat' dir='ltr'>quae</span> <span class='ocrx_word' id='word_1_160' title='bbox 1610 1169 1659 1204; x_wconf 80' lang='lat' dir='ltr'>ab</span> 
     </span>
     <span class='ocr_line' id='line_1_17' title="bbox 253 1226 1663 1279; baseline 0.001 -16"><span class='ocrx_word' id='word_1_161' title='bbox 253 1240 298 1263; x_wconf 88' lang='lat' dir='ltr'>eo</span> <span class='ocrx_word' id='word_1_162' title='bbox 317 1226 576 1274; x_wconf 40' lang='lat' dir='ltr'>digeratur&amp;-</span> <span class='ocrx_word' id='word_1_163' title='bbox 595 1228 796 1274; x_wconf 85' lang='lat' dir='ltr'>publicum</span> <span class='ocrx_word' id='word_1_164' title='bbox 825 1229 961 1264; x_wconf 84' lang='lat' dir='ltr'><em>ludum</em></span> <span class='ocrx_word' id='word_1_165' title='bbox 994 1229 1109 1274; x_wconf 79' lang='lat' dir='ltr'>Urbi,</span> <span class='ocrx_word' id='word_1_166' title='bbox 1147 1231 1251 1266; x_wconf 86' lang='lat' dir='ltr'>ludos</span> <span class='ocrx_word' id='word_1_167' title='bbox 1273 1243 1295 1266; x_wconf 80' lang='lat' dir='ltr'>a</span> <span class='ocrx_word' id='word_1_168' title='bbox 1320 1229 1461 1267; x_wconf 74' lang='lat' dir='ltr'>Senatu</span> <span class='ocrx_word' id='word_1_169' title='bbox 1485 1243 1552 1279; x_wconf 90' lang='lat' dir='ltr'>pro</span> <span class='ocrx_word' id='word_1_170' title='bbox 1580 1229 1663 1265; x_wconf 86' lang='lat' dir='ltr'>seli-</span> 
     </span>
     <span class='ocr_line' id='line_1_18' title="bbox 254 1288 1662 1338; baseline 0.002 -15"><span class='ocrx_word' id='word_1_171' title='bbox 254 1289 290 1323; x_wconf 82' lang='lat' dir='ltr'>ci</span> <span class='ocrx_word' id='word_1_172' title='bbox 324 1288 479 1336; x_wconf 81' lang='lat' dir='ltr'>Augusti</span> <span class='ocrx_word' id='word_1_173' title='bbox 515 1290 639 1326; x_wconf 85' lang='lat' dir='ltr'>reditu</span> <span class='ocrx_word' id='word_1_174' title='bbox 669 1290 741 1326; x_wconf 78' lang='lat' dir='ltr'>diis</span> <span class='ocrx_word' id='word_1_175' title='bbox 786 1296 916 1332; x_wconf 76' lang='lat' dir='ltr'>votos,</span> <span class='ocrx_word' id='word_1_176' title='bbox 953 1303 1047 1326; x_wconf 75' lang='lat' dir='ltr'>nunc</span> <span class='ocrx_word' id='word_1_177' title='bbox 1085 1291 1272 1332; x_wconf 85' lang='lat' dir='ltr'>edendos,</span> <span class='ocrx_word' id='word_1_178' title='bbox 1315 1290 1522 1338; x_wconf 79' lang='lat' dir='ltr'>impetrato</span> <span class='ocrx_word' id='word_1_179' title='bbox 1548 1293 1618 1326; x_wconf 75' lang='lat' dir='ltr'>isto</span> <span class='ocrx_word' id='word_1_180' title='bbox 1639 1304 1662 1325; x_wconf 85' lang='lat' dir='ltr'>a</span> 
     </span>
     <span class='ocr_line' id='line_1_19' title="bbox 253 1350 1663 1404; baseline -0.001 -17"><span class='ocrx_word' id='word_1_181' title='bbox 253 1350 327 1387; x_wconf 81' lang='lat' dir='ltr'>diis</span> <span class='ocrx_word' id='word_1_182' title='bbox 341 1378 351 1394; x_wconf 90' lang='lat'><em>,</em></span> <span class='ocrx_word' id='word_1_183' title='bbox 377 1352 512 1388; x_wconf 81' lang='lat' dir='ltr'>reduce</span> <span class='ocrx_word' id='word_1_184' title='bbox 528 1356 699 1400; x_wconf 78' lang='lat' dir='ltr'>Augusto</span> <span class='ocrx_word' id='word_1_185' title='bbox 721 1353 835 1388; x_wconf 78' lang='lat' dir='ltr'>facto.</span> <span class='ocrx_word' id='word_1_186' title='bbox 856 1354 954 1389; x_wconf 78' lang='lat' dir='ltr'>Vota</span> <span class='ocrx_word' id='word_1_187' title='bbox 974 1366 1041 1404; x_wconf 87' lang='lat' dir='ltr'>pro</span> <span class='ocrx_word' id='word_1_188' title='bbox 1060 1353 1238 1389; x_wconf 88' lang='lat' dir='ltr'>incolumi</span> <span class='ocrx_word' id='word_1_189' title='bbox 1261 1354 1424 1399; x_wconf 82' lang='lat' dir='ltr'>Augusti</span> <span class='ocrx_word' id='word_1_190' title='bbox 1437 1351 1556 1388; x_wconf 86' lang='lat' dir='ltr'>reditu</span> <span class='ocrx_word' id='word_1_191' title='bbox 1571 1351 1663 1400; x_wconf 84' lang='lat' dir='ltr'>pub-</span> 
     </span>
     <span class='ocr_line' id='line_1_20' title="bbox 251 1411 1663 1464; baseline 0 -18"><span class='ocrx_word' id='word_1_192' title='bbox 251 1411 326 1449; x_wconf 79' lang='lat' dir='ltr'>lice</span> <span class='ocrx_word' id='word_1_193' title='bbox 359 1415 611 1464; x_wconf 81' lang='lat' dir='ltr'>privatimque</span> <span class='ocrx_word' id='word_1_194' title='bbox 648 1414 768 1451; x_wconf 78' lang='lat' dir='ltr'>fuisse</span> <span class='ocrx_word' id='word_1_195' title='bbox 798 1413 899 1450; x_wconf 82' lang='lat' dir='ltr'>facta</span> <span class='ocrx_word' id='word_1_196' title='bbox 918 1416 1035 1460; x_wconf 80' lang='lat' dir='ltr'>iisque</span> <span class='ocrx_word' id='word_1_197' title='bbox 1064 1427 1144 1451; x_wconf 83' lang='lat' dir='ltr'>sese</span> <span class='ocrx_word' id='word_1_198' title='bbox 1176 1415 1382 1451; x_wconf 81' lang='lat' dir='ltr'>exsolvisse</span> <span class='ocrx_word' id='word_1_199' title='bbox 1402 1412 1586 1462; x_wconf 87' lang='lat' dir='ltr'>populum</span> <span class='ocrx_word' id='word_1_200' title='bbox 1610 1412 1663 1447; x_wconf 87' lang='lat' dir='ltr'>di·</span> 
     </span>
     <span class='ocr_line' id='line_1_21' title="bbox 248 1475 1661 1524; baseline -0.002 -12"><span class='ocrx_word' id='word_1_201' title='bbox 248 1485 353 1512; x_wconf 79' lang='lat' dir='ltr'>serte</span> <span class='ocrx_word' id='word_1_202' title='bbox 377 1477 488 1513; x_wconf 79' lang='lat' dir='ltr'>tradit</span> <span class='ocrx_word' id='word_1_203' title='bbox 512 1477 585 1513; x_wconf 91' lang='lat' dir='ltr'>Dio</span> <span class='ocrx_word' id='word_1_204' title='bbox 618 1477 721 1512; x_wconf 87' lang='lat' dir='ltr'><strong>LIV.</strong></span> <span class='ocrx_word' id='word_1_205' title='bbox 747 1488 801 1524; x_wconf 84' lang='lat'>19.</span> <span class='ocrx_word' id='word_1_206' title='bbox 828 1486 864 1514; x_wconf 88' lang='lat' dir='ltr'>et</span> <span class='ocrx_word' id='word_1_207' title='bbox 891 1490 950 1520; x_wconf 86' lang='lat'>27.</span> <span class='ocrx_word' id='word_1_208' title='bbox 976 1477 1183 1524; x_wconf 74' lang='lat' dir='ltr'>—fortie.</span> <span class='ocrx_word' id='word_1_209' title='bbox 1221 1475 1374 1520; x_wconf 80' lang='lat' dir='ltr'>Gallia,</span> <span class='ocrx_word' id='word_1_210' title='bbox 1402 1476 1603 1512; x_wconf 83' lang='lat' dir='ltr'>Germania</span> <span class='ocrx_word' id='word_1_211' title='bbox 1625 1479 1661 1509; x_wconf 77' lang='lat' dir='ltr'>et</span> 
     </span>
     <span class='ocr_line' id='line_1_22' title="bbox 251 1536 1665 1588; baseline -0.001 -16"><span class='ocrx_word' id='word_1_212' title='bbox 251 1536 431 1586; x_wconf 75' lang='lat' dir='ltr'>Hispania</span> <span class='ocrx_word' id='word_1_213' title='bbox 460 1538 687 1588; x_wconf 83' lang='lat' dir='ltr'>perdomita.</span> <span class='ocrx_word' id='word_1_214' title='bbox 713 1541 916 1588; x_wconf 85' lang='lat' dir='ltr'>—forum</span> <span class='ocrx_word' id='word_1_215' title='bbox 936 1539 1072 1573; x_wconf 80' lang='lat' dir='ltr'>litibus</span> <span class='ocrx_word' id='word_1_216' title='bbox 1092 1538 1247 1580; x_wconf 81' lang='lat' dir='ltr'>orbum,</span> <span class='ocrx_word' id='word_1_217' title='bbox 1275 1543 1309 1573; x_wconf 91' lang='lat' dir='ltr'>in</span> <span class='ocrx_word' id='word_1_218' title='bbox 1326 1551 1398 1588; x_wconf 86' lang='lat' dir='ltr'>quo</span> <span class='ocrx_word' id='word_1_219' title='bbox 1426 1537 1550 1573; x_wconf 85' lang='lat' dir='ltr'>nullae</span> <span class='ocrx_word' id='word_1_220' title='bbox 1579 1547 1665 1571; x_wconf 86' lang='lat' dir='ltr'>cau-</span> 
     </span>
     <span class='ocr_line' id='line_1_23' title="bbox 250 1590 1656 1649; baseline -0.001 -16"><span class='ocrx_word' id='word_1_221' title='bbox 250 1610 316 1634; x_wconf 81' lang='lat' dir='ltr'>sae</span> <span class='ocrx_word' id='word_1_222' title='bbox 340 1608 521 1647; x_wconf 84' lang='lat' dir='ltr'>aguntur;</span> <span class='ocrx_word' id='word_1_223' title='bbox 547 1599 784 1636; x_wconf 79' lang='lat' dir='ltr'>declarantur</span> <span class='ocrx_word' id='word_1_224' title='bbox 807 1600 887 1634; x_wconf 74' lang='lat' dir='ltr'>dios</span> <span class='ocrx_word' id='word_1_225' title='bbox 909 1599 1006 1634; x_wconf 81' lang='lat' dir='ltr'>laeti</span> <span class='ocrx_word' id='word_1_226' title='bbox 1027 1613 1057 1636; x_wconf 82' lang='lat' dir='ltr'>s.</span> <span class='ocrx_word' id='word_1_227' title='bbox 1084 1599 1167 1635; x_wconf 84' lang='lat' dir='ltr'>festi</span> <span class='ocrx_word' id='word_1_228' title='bbox 1184 1625 1194 1639; x_wconf 84' lang='lat'>‚</span> <span class='ocrx_word' id='word_1_229' title='bbox 1223 1611 1289 1647; x_wconf 84' lang='lat' dir='ltr'>per</span> <span class='ocrx_word' id='word_1_230' title='bbox 1309 1610 1400 1649; x_wconf 85' lang='lat' dir='ltr'>quos</span> <span class='ocrx_word' id='word_1_231' title='bbox 1423 1590 1484 1633; x_wconf 72' lang='lat' dir='ltr'>ab&#39;</span> <span class='ocrx_word' id='word_1_232' title='bbox 1499 1611 1656 1634; x_wconf 82' lang='lat' dir='ltr'>consue·</span> 
     </span>
     <span class='ocr_line' id='line_1_24' title="bbox 250 1660 1659 1709; baseline 0.001 -16"><span class='ocrx_word' id='word_1_233' title='bbox 250 1661 297 1693; x_wconf 75' lang='lat' dir='ltr'>iis</span> <span class='ocrx_word' id='word_1_234' title='bbox 319 1662 478 1707; x_wconf 81' lang='lat' dir='ltr'>negotiis</span> <span class='ocrx_word' id='word_1_235' title='bbox 499 1660 679 1697; x_wconf 79' lang='lat' dir='ltr'>vacabant</span> <span class='ocrx_word' id='word_1_236' title='bbox 703 1661 878 1699; x_wconf 85' lang='lat' dir='ltr'>Romani.</span> <span class='ocrx_word' id='word_1_237' title='bbox 916 1660 1022 1696; x_wconf 68' lang='lat' dir='ltr'>Alias</span> <span class='ocrx_word' id='word_1_238' title='bbox 1049 1660 1204 1698; x_wconf 82' lang='lat' dir='ltr'>solenne</span> <span class='ocrx_word' id='word_1_239' title='bbox 1230 1662 1301 1696; x_wconf 81' lang='lat' dir='ltr'>hoc</span> <span class='ocrx_word' id='word_1_240' title='bbox 1326 1660 1659 1709; x_wconf 73' lang='lat' dir='ltr'>justiliuniinpub-</span> 
     </span>
     <span class='ocr_line' id='line_1_25' title="bbox 250 1719 574 1766; baseline 0.009 -12"><span class='ocrx_word' id='word_1_241' title='bbox 250 1719 319 1756; x_wconf 87' lang='lat' dir='ltr'>lica</span> <span class='ocrx_word' id='word_1_242' title='bbox 343 1721 574 1766; x_wconf 72' lang='lat' dir='ltr'>calamitate,</span> 
     </span>
    </p>

    <p class='ocr_par' dir='ltr' id='par_1_4' title="bbox 244 1779 1659 2573">
     <span class='ocr_line' id='line_1_26' title="bbox 341 1779 1659 1832; baseline 0 -15"><span class='ocrx_word' id='word_1_243' title='bbox 341 1793 377 1819; x_wconf 90' lang='lat' dir='ltr'>v.</span> <span class='ocrx_word' id='word_1_244' title='bbox 395 1784 454 1828; x_wconf 72' lang='lat'>45.</span> <span class='ocrx_word' id='word_1_245' title='bbox 477 1782 608 1819; x_wconf 79' lang='lat' dir='ltr'>Varias</span> <span class='ocrx_word' id='word_1_246' title='bbox 632 1783 677 1819; x_wconf 82' lang='lat' dir='ltr'>ab</span> <span class='ocrx_word' id='word_1_247' title='bbox 702 1785 824 1832; x_wconf 83' lang='lat' dir='ltr'>intpp.</span> <span class='ocrx_word' id='word_1_248' title='bbox 854 1784 1013 1818; x_wconf 81' lang='lat' dir='ltr'>rationes</span> <span class='ocrx_word' id='word_1_249' title='bbox 1043 1784 1126 1817; x_wconf 84' lang='lat' dir='ltr'>iniri</span> <span class='ocrx_word' id='word_1_250' title='bbox 1156 1781 1283 1817; x_wconf 85' lang='lat' dir='ltr'>videas</span> <span class='ocrx_word' id='word_1_251' title='bbox 1307 1781 1354 1816; x_wconf 78' lang='lat' dir='ltr'>ad</span> <span class='ocrx_word' id='word_1_252' title='bbox 1381 1779 1659 1823; x_wconf 75' lang='lat' dir='ltr'>difficillimam,</span> 
     </span>
     <span class='ocr_line' id='line_1_27' title="bbox 249 1844 1659 1894; baseline 0.001 -17"><span class='ocrx_word' id='word_1_253' title='bbox 249 1855 332 1878; x_wconf 82' lang='lat' dir='ltr'>mea</span> <span class='ocrx_word' id='word_1_254' title='bbox 356 1844 508 1894; x_wconf 84' lang='lat' dir='ltr'>quidem</span> <span class='ocrx_word' id='word_1_255' title='bbox 527 1845 710 1880; x_wconf 87' lang='lat' dir='ltr'>sententia</span> <span class='ocrx_word' id='word_1_256' title='bbox 726 1870 736 1887; x_wconf 86' lang='lat'><strong><em>,</em></strong></span> <span class='ocrx_word' id='word_1_257' title='bbox 765 1856 821 1878; x_wconf 83' lang='lat' dir='ltr'>vv.</span> <span class='ocrx_word' id='word_1_258' title='bbox 845 1852 890 1889; x_wconf 81' lang='lat'>45</span> <span class='ocrx_word' id='word_1_259' title='bbox 908 1852 1026 1889; x_wconf 75' lang='lat'><strong>-52.</strong></span> <span class='ocrx_word' id='word_1_260' title='bbox 1051 1844 1273 1880; x_wconf 79' lang='lat' dir='ltr'>sententiam</span> <span class='ocrx_word' id='word_1_261' title='bbox 1300 1846 1452 1894; x_wconf 83' lang='lat' dir='ltr'>ejusque</span> <span class='ocrx_word' id='word_1_262' title='bbox 1481 1857 1564 1878; x_wconf 86' lang='lat' dir='ltr'>cum</span> <span class='ocrx_word' id='word_1_263' title='bbox 1591 1856 1659 1878; x_wconf 82' lang='lat' dir='ltr'>an·</span> 
     </span>
     <span class='ocr_line' id='line_1_28' title="bbox 250 1903 1658 1955; baseline -0.001 -15"><span class='ocrx_word' id='word_1_264' title='bbox 250 1904 510 1941; x_wconf 71' lang='lat' dir='ltr'>recedentibus</span> <span class='ocrx_word' id='word_1_265' title='bbox 543 1915 682 1941; x_wconf 83' lang='lat' dir='ltr'>nexum</span> <span class='ocrx_word' id='word_1_266' title='bbox 716 1904 995 1954; x_wconf 81' lang='lat' dir='ltr'>expediendum</span> <span class='ocrx_word' id='word_1_267' title='bbox 1035 1917 1078 1940; x_wconf 84' lang='lat' dir='ltr'>ac</span> <span class='ocrx_word' id='word_1_268' title='bbox 1109 1903 1395 1945; x_wconf 59' lang='lat' dir='ltr'>declarandum</span> <span class='ocrx_word' id='word_1_269' title='bbox 1433 1917 1658 1955; x_wconf 82' lang='lat' dir='ltr'>quamquam</span> 
     </span>
     <span class='ocr_line' id='line_1_29' title="bbox 247 1965 1656 2018; baseline -0.001 -15"><span class='ocrx_word' id='word_1_270' title='bbox 247 1972 346 2009; x_wconf 78' lang='lat' dir='ltr'>sunt,</span> <span class='ocrx_word' id='word_1_271' title='bbox 371 1966 506 2013; x_wconf 91' lang='lat' dir='ltr'>quibus</span> <span class='ocrx_word' id='word_1_272' title='bbox 533 1967 579 2003; x_wconf 87' lang='lat' dir='ltr'>de</span> <span class='ocrx_word' id='word_1_273' title='bbox 602 1965 828 2003; x_wconf 74' lang='lat' dir='ltr'>difficultate</span> <span class='ocrx_word' id='word_1_274' title='bbox 845 1967 1057 2016; x_wconf 84' lang='lat' dir='ltr'>lociparum</span> <span class='ocrx_word' id='word_1_275' title='bbox 1080 1966 1316 2016; x_wconf 78' lang='lat' dir='ltr'>exploratum</span> <span class='ocrx_word' id='word_1_276' title='bbox 1342 1967 1520 2001; x_wconf 80' lang='lat' dir='ltr'>videatur.</span> <span class='ocrx_word' id='word_1_277' title='bbox 1547 1966 1656 2018; x_wconf 81' lang='lat' dir='ltr'>Equi-</span> 
     </span>
     <span class='ocr_line' id='line_1_30' title="bbox 244 2027 1650 2078; baseline 0.001 -16"><span class='ocrx_word' id='word_1_278' title='bbox 244 2028 331 2064; x_wconf 86' lang='lat' dir='ltr'>dem</span> <span class='ocrx_word' id='word_1_279' title='bbox 361 2042 447 2065; x_wconf 68' lang='grc' dir='ltr'>πιθα</span> <span class='ocrx_word' id='word_1_280' title='bbox 467 2031 519 2064; x_wconf 79' lang='lat' dir='ltr'>ita</span> <span class='ocrx_word' id='word_1_281' title='bbox 541 2029 700 2070; x_wconf 78' lang='lat' dir='ltr'>tenebo,</span> <span class='ocrx_word' id='word_1_282' title='bbox 737 2038 777 2064; x_wconf 83' lang='lat' dir='ltr'>ut</span> <span class='ocrx_word' id='word_1_283' title='bbox 808 2027 1145 2078; x_wconf 66' lang='lat' dir='ltr'>probabilitatibus,</span> <span class='ocrx_word' id='word_1_284' title='bbox 1185 2032 1214 2063; x_wconf 79' lang='lat' dir='ltr'>si</span> <span class='ocrx_word' id='word_1_285' title='bbox 1238 2040 1330 2078; x_wconf 80' lang='lat' dir='ltr'>quae</span> <span class='ocrx_word' id='word_1_286' title='bbox 1354 2027 1477 2063; x_wconf 75' lang='lat' dir='ltr'>adlata</span> <span class='ocrx_word' id='word_1_287' title='bbox 1498 2028 1622 2065; x_wconf 83' lang='lat' dir='ltr'>videro</span> <span class='ocrx_word' id='word_1_288' title='bbox 1638 2055 1650 2072; x_wconf 90' lang='lat'><em>,</em></span> 
     </span>
     <span class='ocr_line' id='line_1_31' title="bbox 248 2089 1657 2141; baseline -0.001 -15"><span class='ocrx_word' id='word_1_289' title='bbox 248 2093 388 2140; x_wconf 86' lang='lat' dir='ltr'>primus</span> <span class='ocrx_word' id='word_1_290' title='bbox 425 2092 592 2127; x_wconf 84' lang='lat' dir='ltr'>omnium</span> <span class='ocrx_word' id='word_1_291' title='bbox 629 2090 869 2141; x_wconf 85' lang='lat' dir='ltr'>adplaudam.</span> <span class='ocrx_word' id='word_1_292' title='bbox 904 2089 1142 2136; x_wconf 83' lang='lat' dir='ltr'>Designatam</span> <span class='ocrx_word' id='word_1_293' title='bbox 1180 2093 1360 2138; x_wconf 81' lang='lat' dir='ltr'>proximis</span> <span class='ocrx_word' id='word_1_294' title='bbox 1389 2103 1448 2125; x_wconf 82' lang='lat' dir='ltr'>vv.</span> <span class='ocrx_word' id='word_1_295' title='bbox 1473 2098 1515 2129; x_wconf 79' lang='lat'>41</span> <span class='ocrx_word' id='word_1_296' title='bbox 1539 2092 1657 2134; x_wconf 64' lang='lat'>—44</span> 
     </span>
     <span class='ocr_line' id='line_1_32' title="bbox 250 2151 1658 2204; baseline 0 -17"><span class='ocrx_word' id='word_1_297' title='bbox 250 2152 395 2188; x_wconf 86' lang='lat' dir='ltr'>dierum</span> <span class='ocrx_word' id='word_1_298' title='bbox 419 2151 621 2196; x_wconf 70' lang='lat' dir='ltr'>festorum,</span> <span class='ocrx_word' id='word_1_299' title='bbox 648 2153 780 2204; x_wconf 83' lang='lat' dir='ltr'>quibus</span> <span class='ocrx_word' id='word_1_300' title='bbox 798 2151 958 2202; x_wconf 79' lang='lat' dir='ltr'>populus</span> <span class='ocrx_word' id='word_1_301' title='bbox 983 2151 1169 2188; x_wconf 86' lang='lat' dir='ltr'>Romanus</span> <span class='ocrx_word' id='word_1_302' title='bbox 1199 2152 1378 2188; x_wconf 83' lang='lat' dir='ltr'>laetitiam</span> <span class='ocrx_word' id='word_1_303' title='bbox 1405 2165 1505 2188; x_wconf 84' lang='lat' dir='ltr'>snam</span> <span class='ocrx_word' id='word_1_304' title='bbox 1532 2153 1578 2188; x_wconf 81' lang='lat' dir='ltr'>de</span> <span class='ocrx_word' id='word_1_305' title='bbox 1605 2166 1658 2188; x_wconf 89' lang='lat' dir='ltr'>re-</span> 
     </span>
     <span class='ocr_line' id='line_1_33' title="bbox 247 2214 1659 2265; baseline -0.001 -15"><span class='ocrx_word' id='word_1_306' title='bbox 247 2223 356 2265; x_wconf 85' lang='lat' dir='ltr'>cepto</span> <span class='ocrx_word' id='word_1_307' title='bbox 387 2216 552 2262; x_wconf 84' lang='lat' dir='ltr'>Augusto</span> <span class='ocrx_word' id='word_1_308' title='bbox 573 2216 839 2251; x_wconf 77' lang='lat' dir='ltr'>testificaturus</span> <span class='ocrx_word' id='word_1_309' title='bbox 859 2217 933 2259; x_wconf 74' lang='lat' dir='ltr'>sit,</span> <span class='ocrx_word' id='word_1_310' title='bbox 974 2214 1234 2250; x_wconf 81' lang='lat' dir='ltr'>solennitatem</span> <span class='ocrx_word' id='word_1_311' title='bbox 1251 2240 1261 2257; x_wconf 88' lang='lat'><strong>,</strong></span> <span class='ocrx_word' id='word_1_312' title='bbox 1288 2226 1396 2264; x_wconf 86' lang='lat' dir='ltr'>quam</span> <span class='ocrx_word' id='word_1_313' title='bbox 1423 2214 1469 2249; x_wconf 85' lang='lat' dir='ltr'>ab</span> <span class='ocrx_word' id='word_1_314' title='bbox 1496 2214 1659 2252; x_wconf 84' lang='lat' dir='ltr'>Antonio</span> 
     </span>
     <span class='ocr_line' id='line_1_34' title="bbox 249 2275 1658 2328; baseline 0 -17"><span class='ocrx_word' id='word_1_315' title='bbox 249 2278 334 2311; x_wconf 77' lang='lat' dir='ltr'>cani</span> <span class='ocrx_word' id='word_1_316' title='bbox 361 2276 472 2319; x_wconf 89' lang='lat' dir='ltr'>velit,</span> <span class='ocrx_word' id='word_1_317' title='bbox 499 2283 608 2328; x_wconf 82' lang='lat' dir='ltr'>poeta</span> <span class='ocrx_word' id='word_1_318' title='bbox 629 2280 711 2327; x_wconf 88' lang='lat' dir='ltr'>ipse</span> <span class='ocrx_word' id='word_1_319' title='bbox 735 2277 974 2313; x_wconf 81' lang='lat' dir='ltr'>vividissimis</span> <span class='ocrx_word' id='word_1_320' title='bbox 997 2276 1184 2312; x_wconf 85' lang='lat' dir='ltr'>coloribus</span> <span class='ocrx_word' id='word_1_321' title='bbox 1212 2275 1469 2327; x_wconf 77' lang='lat' dir='ltr'>adumbratum</span> <span class='ocrx_word' id='word_1_322' title='bbox 1490 2276 1658 2325; x_wconf 81' lang='lat' dir='ltr'>subjicit,</span> 
     </span>
     <span class='ocr_line' id='line_1_35' title="bbox 254 2337 1659 2388; baseline 0.003 -17"><span class='ocrx_word' id='word_1_323' title='bbox 254 2346 382 2387; x_wconf 79' lang='lat' dir='ltr'>partes</span> <span class='ocrx_word' id='word_1_324' title='bbox 415 2341 504 2375; x_wconf 83' lang='lat' dir='ltr'>istas</span> <span class='ocrx_word' id='word_1_325' title='bbox 539 2340 586 2375; x_wconf 82' lang='lat' dir='ltr'>ab</span> <span class='ocrx_word' id='word_1_326' title='bbox 621 2340 787 2376; x_wconf 86' lang='lat' dir='ltr'>Antonio</span> <span class='ocrx_word' id='word_1_327' title='bbox 818 2339 892 2375; x_wconf 74' lang='lat' dir='ltr'>sibi</span> <span class='ocrx_word' id='word_1_328' title='bbox 929 2338 1194 2382; x_wconf 59' lang='lat' dir='ltr'>demandatum,</span> <span class='ocrx_word' id='word_1_329' title='bbox 1230 2341 1301 2374; x_wconf 81' lang='lat' dir='ltr'>etsi</span> <span class='ocrx_word' id='word_1_330' title='bbox 1321 2341 1368 2374; x_wconf 78' lang='lat' dir='ltr'>iis</span> <span class='ocrx_word' id='word_1_331' title='bbox 1396 2337 1590 2388; x_wconf 82' lang='lat' dir='ltr'>explendis</span> <span class='ocrx_word' id='word_1_332' title='bbox 1620 2352 1659 2375; x_wconf 82' lang='lat' dir='ltr'>se</span> 
     </span>
     <span class='ocr_line' id='line_1_36' title="bbox 251 2399 1658 2452; baseline 0.001 -16"><span class='ocrx_word' id='word_1_333' title='bbox 251 2399 365 2446; x_wconf 81' lang='lat' dir='ltr'>plane</span> <span class='ocrx_word' id='word_1_334' title='bbox 392 2402 570 2451; x_wconf 82' lang='lat' dir='ltr'>imparem</span> <span class='ocrx_word' id='word_1_335' title='bbox 594 2401 840 2451; x_wconf 72' lang='lat' dir='ltr'>profiteatur3</span> <span class='ocrx_word' id='word_1_336' title='bbox 866 2404 904 2437; x_wconf 83' lang='lat' dir='ltr'>in</span> <span class='ocrx_word' id='word_1_337' title='bbox 926 2415 966 2438; x_wconf 80' lang='lat' dir='ltr'>se</span> <span class='ocrx_word' id='word_1_338' title='bbox 987 2402 1142 2451; x_wconf 84' lang='lat' dir='ltr'>recipit,</span> <span class='ocrx_word' id='word_1_339' title='bbox 1168 2404 1390 2452; x_wconf 77' lang='lat' dir='ltr'>egregieque</span> <span class='ocrx_word' id='word_1_340' title='bbox 1418 2407 1551 2437; x_wconf 82' lang='lat' dir='ltr'>tuetur,</span> <span class='ocrx_word' id='word_1_341' title='bbox 1582 2401 1658 2437; x_wconf 84' lang='lat' dir='ltr'>De-</span> 
     </span>
     <span class='ocr_line' id='line_1_37' title="bbox 252 2462 1653 2509; baseline 0 -13"><span class='ocrx_word' id='word_1_342' title='bbox 252 2463 368 2497; x_wconf 81' lang='lat' dir='ltr'>seruit</span> <span class='ocrx_word' id='word_1_343' title='bbox 395 2463 506 2509; x_wconf 85' lang='lat' dir='ltr'>igitur</span> <span class='ocrx_word' id='word_1_344' title='bbox 533 2463 723 2509; x_wconf 77' lang='lat' dir='ltr'>vulgarem</span> <span class='ocrx_word' id='word_1_345' title='bbox 743 2468 1005 2500; x_wconf 79' lang='lat' dir='ltr'>sententiarum</span> <span class='ocrx_word' id='word_1_346' title='bbox 1029 2465 1178 2508; x_wconf 80' lang='lat' dir='ltr'>seriem,</span> <span class='ocrx_word' id='word_1_347' title='bbox 1204 2468 1252 2498; x_wconf 81' lang='lat' dir='ltr'>ita</span> <span class='ocrx_word' id='word_1_348' title='bbox 1277 2462 1353 2499; x_wconf 87' lang='lat' dir='ltr'>sere</span> <span class='ocrx_word' id='word_1_349' title='bbox 1369 2463 1653 2499; x_wconf 80' lang='lat' dir='ltr'>instituendam:</span> 
     </span>
     <span class='ocr_line' id='line_1_38' title="bbox 252 2523 1657 2573; baseline 0 -13"><span class='ocrx_word' id='word_1_350' title='bbox 252 2523 436 2560; x_wconf 80' lang='lat' dir='ltr'>concines</span> <span class='ocrx_word' id='word_1_351' title='bbox 471 2532 511 2558; x_wconf 94' lang='lat' dir='ltr'>tu</span> <span class='ocrx_word' id='word_1_352' title='bbox 545 2524 726 2560; x_wconf 73' lang='lat' dir='ltr'>laetitiam</span> <span class='ocrx_word' id='word_1_353' title='bbox 763 2526 922 2561; x_wconf 83' lang='lat' dir='ltr'>universi</span> <span class='ocrx_word' id='word_1_354' title='bbox 958 2523 1113 2573; x_wconf 86' lang='lat' dir='ltr'>populi,</span> <span class='ocrx_word' id='word_1_355' title='bbox 1154 2523 1288 2560; x_wconf 80' lang='lat' dir='ltr'>faustis</span> <span class='ocrx_word' id='word_1_356' title='bbox 1325 2523 1657 2563; x_wconf 68' lang='lat' dir='ltr'>adclamationibus</span> 
     </span>
    </p>
   </div>
   <div class='ocr_carea' id='block_1_3' title="bbox 254 2585 1737 2639">
    <p class='ocr_par' dir='ltr' id='par_1_5' title="bbox 254 2585 1737 2639">
     <span class='ocr_line' id='line_1_39' title="bbox 254 2585 1737 2639; baseline -0.001 -18"><span class='ocrx_word' id='word_1_357' title='bbox 254 2600 334 2621; x_wconf 81' lang='lat' dir='ltr'>eam</span> <span class='ocrx_word' id='word_1_358' title='bbox 357 2586 551 2636; x_wconf 76' lang='lat' dir='ltr'>prodentis</span> <span class='ocrx_word' id='word_1_359' title='bbox 567 2612 577 2627; x_wconf 88' lang='lat'><em>,</em></span> <span class='ocrx_word' id='word_1_360' title='bbox 605 2587 723 2629; x_wconf 76' lang='lat' dir='ltr'>ipsam</span> <span class='ocrx_word' id='word_1_361' title='bbox 755 2586 851 2622; x_wconf 86' lang='lat' dir='ltr'>hanc</span> <span class='ocrx_word' id='word_1_362' title='bbox 872 2590 994 2621; x_wconf 82' lang='lat' dir='ltr'>statim</span> <span class='ocrx_word' id='word_1_363' title='bbox 1017 2585 1246 2633; x_wconf 79' lang='lat' dir='ltr'>subjiciendo</span> <span class='ocrx_word' id='word_1_364' title='bbox 1263 2612 1274 2628; x_wconf 87' lang='lat'><em>,</em></span> <span class='ocrx_word' id='word_1_365' title='bbox 1312 2595 1421 2637; x_wconf 83' lang='lat' dir='ltr'>atque</span> <span class='ocrx_word' id='word_1_366' title='bbox 1446 2588 1497 2620; x_wconf 84' lang='lat' dir='ltr'>ita</span> <span class='ocrx_word' id='word_1_367' title='bbox 1522 2586 1660 2622; x_wconf 78' lang='lat' dir='ltr'>‹leseri-</span> <span class='ocrx_word' id='word_1_368' title='bbox 1722 2588 1737 2639; x_wconf 46' lang='lat'>3¹</span> 
     </span>
    </p>
   </div>
   <div class='ocr_carea' id='block_1_4' title="bbox 248 2647 1663 2702">
    <p class='ocr_par' dir='ltr' id='par_1_6' title="bbox 248 2647 1663 2702">
     <span class='ocr_line' id='line_1_40' title="bbox 248 2647 1663 2702; baseline 0.001 -16"><span class='ocrx_word' id='word_1_369' title='bbox 248 2647 397 2701; x_wconf 76' lang='lat' dir='ltr'>bondo,</span> <span class='ocrx_word' id='word_1_370' title='bbox 423 2654 460 2685; x_wconf 80' lang='lat' dir='ltr'>ut</span> <span class='ocrx_word' id='word_1_371' title='bbox 497 2660 580 2687; x_wconf 65' lang='lat' dir='ltr'>suos</span> <span class='ocrx_word' id='word_1_372' title='bbox 601 2648 763 2686; x_wconf 85' lang='lat' dir='ltr'>laetitiae</span> <span class='ocrx_word' id='word_1_373' title='bbox 787 2659 918 2687; x_wconf 78' lang='lat' dir='ltr'>sensus</span> <span class='ocrx_word' id='word_1_374' title='bbox 937 2649 1136 2699; x_wconf 81' lang='lat' dir='ltr'>primarios</span> <span class='ocrx_word' id='word_1_375' title='bbox 1161 2647 1294 2691; x_wconf 82' lang='lat' dir='ltr'>faciat,</span> <span class='ocrx_word' id='word_1_376' title='bbox 1319 2661 1547 2702; x_wconf 81' lang='lat' dir='ltr'>quamquam</span> <span class='ocrx_word' id='word_1_377' title='bbox 1573 2663 1663 2695; x_wconf 83' lang='lat' dir='ltr'>eos,</span> 
     </span>
    </p>
   </div>
  </div>
 </body>
</html>
