1737 3054
708 210 764 217 .-.
852 197 936 237 252
1026 209 1081 217 ..-

199 308 256 353 in
280 312 496 364 promtu
515 311 687 362 esset3
714 305 808 350 sed
828 307 1036 350 instare
1062 308 1342 352 hibernum
1362 311 1581 366 tempus,

195 372 627 431 tmaezpestatibas,
663 387 797 431 quas
821 387 995 415 secum
1014 369 1211 432 ferat,
1247 373 1583 431 periculosis-

189 443 416 495 simum5
452 438 512 481 de
540 439 636 482 lzoc
667 438 715 480 ei
743 437 1101 482 laborandum
1133 453 1269 485 esse,
1307 439 1445 497 quod
1466 442 1580 485 nul·

190 508 248 550 Ia
282 510 404 550 arte
436 503 752 560 propulsari
787 509 964 562 queat.
1014 503 1347 548 Adblandiri
1373 507 1578 563 quidem·

186 587 330 616 ‘nunc
347 570 532 614 sudum
559 570 782 619 coelum,
812 567 1456 627 ventumqueferentem‚
1487 573 1580 616 sed

185 630 690 692 admodumfallax
708 646 954 676 serenum
975 647 1103 687 esse,
1130 636 1384 692 Europae
1409 651 1583 681 exem-

182 705 275 763 plo
307 699 517 746 abunde
558 698 918 755 comprobari.
970 700 1076 742 Hoc
1121 699 1371 745 illustrat
1404 703 1459 744 in.
1499 718 1576 746 eo-

183 783 282 828 que
305 767 495 810 zllast1
486 764 640 808 ando
660 763 849 807 haeret
872 769 1049 821 poeta,
1077 780 1312 809 summus
1335 764 1577 825 adfectu-

181 850 270 877 um
297 831 368 875 ad
400 833 581 875 vivam
610 828 968 874 delineandor
972 846 1057 873 um
1084 828 1333 890 artzfex!
1383 832 1466 876 Ad
1491 848 1577 888 pe-

178 897 379 941 destris
416 896 703 954 scriptoris
745 886 970 953 α’κρὶβειοιν
1016 898 1139 956 cogi
1178 902 1391 954 poetam
1432 898 1578 954 lyri-

178 958 487 1022 cumfacile
513 962 747 1015 sentias,
782 962 831 1005 si
853 962 1250 1006 nobiwlzsszmum
1273 961 1395 1018 ejus
1419 963 1577 1020 spi'rz-

178 1035 291 1073 tum
320 1035 480 1088 atque
514 1029 765 1084 impetum
793 1027 1115 1079 cohibitum,
1151 1030 1200 1072 si
1233 1029 1438 1072 exitum
1461 1045 1578 1072 car-

123 1103 126 1108 “
178 1096 342 1138 minis
363 1125 374 1147 ‚
412 1095 470 1137 in
500 1094 993 1151 praestantissimis
1026 1094 1193 1137 totius
1222 1095 1577 1153 antiquitatis

178 1160 396 1221 ingenii
434 1159 685 1216 operibus
705 1155 1105 1216 judicandum,
1142 1174 1259 1202 cum
1287 1161 1577 1217 supercili-

176 1243 276 1271 osa
305 1226 624 1270 Criticorum
650 1223 868 1267 cohorte
896 1224 1080 1266 abesse
1095 1225 1306 1268 malles.
1343 1225 1486 1270 Adeo
1505 1225 1576 1269 ad

176 1298 436 1336 naturam
463 1290 635 1334 animi
663 1289 977 1332 aestuantis
1008 1304 1292 1344 expressa,
1329 1297 1377 1333 et
1406 1292 1573 1333 orati-

178 1373 279 1402 one
315 1356 643 1401 comtissima
682 1354 971 1398 elaborata
1010 1360 1136 1397 sunt
1185 1356 1367 1399 omnia
1392 1354 1409 1396 .'
1469 1357 1574 1399 Sed

178 1425 432 1478 Europae
460 1420 761 1476 exemplum
780 1451 792 1473 9
830 1420 968 1479 quod
992 1420 1380 1465 absim-rendae
1412 1421 1575 1465 Gala-

180 1496 297 1533 teae
341 1492 683 1544 proponatur
704 1516 715 1538 ,
758 1487 936 1528 minus
964 1493 1149 1543 aptum
1179 1501 1290 1529 esse
1328 1487 1574 1531 clamant

176 1557 313 1598 vitio
353 1554 529 1597 creati
565 1565 828 1596 censores.
883 1552 1045 1594 Recte
1090 1553 1301 1609 utique,
1353 1569 1381 1596 o
1412 1553 1571 1604 boni,

177 1622 223 1663 si
265 1622 318 1663 in
377 1619 660 1663 Clzriarum
710 1617 979 1673 scriptore
1017 1617 1316 1660 similitudo
1355 1618 1426 1661 ad
1462 1632 1573 1662 rem

175 1687 510 1744 propositam
536 1680 812 1741 exigenda
827 1678 1010 1739 foret.
1047 1683 1148 1725 Sed
1173 1683 1381 1736 taedet,
1418 1684 1573 1743 piget

173 1751 438 1810 pudetque
465 1756 575 1793 tam
608 1748 870 1807 quaesitis
894 1749 1114 1806 ineptiis
1145 1748 1367 1809 longius
1395 1749 1575 1792 immo-

177 1817 312 1861 rari.
355 1815 437 1858 Tu
466 1830 589 1858 vero
624 1827 883 1870 compara
910 1830 1027 1859 cum
1053 1819 1164 1858 toto
1190 1816 1450 1860 carminis
1482 1814 1574 1857 ha-

180 1881 293 1928 bitu
326 1883 573 1939 Propert.
599 1881 645 1924 I.
669 1879 720 1923 8.

513 2029 1236 2093 AdnotationeS.

269 2175 305 2204 v.
329 2174 359 2197 ι.
380 2174 460 2211 sqq.
480 2161 682 2200 Exordium
701 2162 807 2208 hujus
830 2161 1025 2202 carminis,
1052 2155 1153 2209 quod
1177 2157 1215 2188 in
1233 2151 1475 2190 recensendis
1501 2137 1574 2187 tam

177 2238 395 2262 scaevorum
425 2238 536 2277 quam
566 2224 772 2260 faustorum
809 2225 970 2260 ominum
1005 2218 1200 2269 generibus
1234 2230 1348 2269 usque
1380 2215 1428 2251 ad
1455 2229 1485 2252 ν,
1519 2217 1574 2250 16-

179 2289 365 2330 decurrit,
401 2287 450 2322 ad
474 2294 636 2323 nostrum
656 2285 810 2338 quidem
831 2297 978 2321 sensum
1002 2295 1128 2332 parum
1154 2282 1302 2316 omnino
1330 2277 1445 2314 habet
1461 2304 1473 2320 ,
1500 2288 1574 2329 quo

179 2361 245 2384 non
265 2349 428 2385 detineat
449 2364 457 2389 ·,
489 2347 558 2384 sed
579 2345 752 2398 ihjurium
779 2345 899 2389 foret,
922 2360 941 2382 e
965 2349 1170 2380 nostrorum
1198 2351 1402 2390 temporum
1424 2341 1575 2387 ingenio

178 2412 226 2446 de
262 2410 397 2445 talibus
432 2417 616 2454 statuere,
656 2422 749 2461 quae
771 2409 1021 2444 Romanorum
1048 2403 1313 2452 religionibus,
1344 2403 1400 2440 hia
1420 2402 1575 2452 auspici·

176 2487 279 2510 orum
313 2473 546 2522 ominumque
577 2471 842 2521 captandorum
883 2468 1203 2519 superstitionibus
1231 2465 1446 2516 implicitis,
1481 2465 1572 2499 satis

177 2542 412 2570 excusantur.
461 2532 638 2568 Libenter
665 2533 711 2568 iis
737 2539 907 2575 utuntur,
937 2539 1045 2582 atque
1071 2529 1163 2565 adeo
1188 2529 1296 2563 latius
1318 2524 1571 2577 exsequendis

174 2597 365 2644 indulgent
393 2603 552 2644 poetae,
584 2594 714 2643 quod,
740 2606 856 2646 quum
878 2595 916 2629 in
940 2592 1051 2627 rebus
1075 2593 1200 2627 sensui
1225 2589 1402 2639 subjectis
1428 2599 1571 2624 versen-

175 2669 253 2702 tur,
293 2663 468 2694 ornatum
499 2669 542 2692 ae
566 2657 822 2692 tractationem
861 2656 1046 2704 poeticam
1090 2652 1201 2689 facile
1227 2652 1433 2688 admittant.
1475 2648 1569 2684 Ideo
