1689 3086
633 186 1012 243 —435—

111 300 221 340 innui
253 298 364 336 facile
387 301 497 338 fidem
528 299 619 338 facit
637 301 994 348 pinguissimorum
1023 315 1204 340 ramorum
1221 329 1232 346 ,
1269 304 1366 341 unde
1386 305 1515 343 decer-

108 372 312 414 petentur,
349 365 495 414 adjecta
517 355 669 402 mentio.
711 362 892 402 Similiter
929 362 1140 401 ἀπολέκτους
1165 364 1230 402 τῶν
1258 370 1415 414 volvimur·
1443 374 1514 412 βοι-

107 424 257 468 nvom,
292 440 386 477 quae
421 426 676 474 magnitudine
702 439 766 463 sua
796 429 1031 463 mirationem
1055 428 1250 470 facerent,
1287 439 1393 467 vocat
1431 433 1513 469 Xe-

102 489 219 539 noph.
250 488 373 524 Anah.
399 489 449 524 11.
473 493 506 529 3.
530 498 586 531 15.
612 508 650 516 -
674 499 734 535 57.
760 490 819 524 De
851 488 1027 535 Lapatho
1053 503 1086 524 v.
1111 489 1196 526 Ind.
1221 490 1267 525 ad
1289 490 1360 527 SS.
1381 492 1429 528 R.
1457 494 1510 529 R.

100 550 139 586 h.
163 565 198 586 v.
222 556 406 596 —prata
434 552 635 595 amantis,
672 553 858 602 pratensis
889 553 926 586 in
962 551 1069 587 undis
1102 553 1265 588 maxime
1299 552 1392 589 locis
1426 567 1510 590 eam

98 615 300 663 provenire
330 611 444 649 tradit
466 613 567 649 Plin.
588 613 673 649 XX.
700 624 759 659 αι.
794 614 973 650 Ventrem
995 613 1147 650 mollire
1173 613 1331 651 credita.
1368 617 1510 652 Noster

99 676 223 712 Serm.
250 674 300 711 Π.
325 687 358 717 4.
381 685 440 718 27.
465 677 499 714 si
517 677 615 711 dura
636 675 855 711 morabitur
872 677 1037 710 alvus—
1049 674 1510 721 pellentsobstantiacon.

100 739 194 773 chae
214 743 254 772 et
280 737 430 783 lapathi
442 736 564 772 brevis
584 737 711 774 herba.
749 739 860 775 Unde
883 738 1026 776 lubrica
1050 740 1152 776 dicta
1175 739 1324 776 Colum.
1349 741 1395 776 X.
1423 743 1508 783 373.

95 820 143 829 ·-
162 800 327 838 Eandem
358 799 533 837 virtutem
559 802 701 836 malvis
728 801 926 839 adseruere
945 810 1104 839 veteres.
1127 802 1216 838 Vid.
1241 802 1288 838 ad
1313 802 1345 840 Ῑ.
1365 809 1422 845 3¹.
1448 805 1506 842 16.

96 863 207 900 Unde
234 863 404 900 salubres
425 866 571 914 corpori
588 863 730 911 gravi,
757 865 971 911 languenti,
1007 875 1119 912 aegro
1142 876 1188 900 ex
1210 863 1389 902 adstricta
1408 865 1509 903 alvo.

190 936 304 970 v.59·
336 924 396 961 60.
433 923 704 974 Frugalitatem
741 927 918 962 rusticam
956 927 1014 962 vel
1039 931 1076 962 in
1109 926 1288 977 adparatu
1313 928 1508 978 epularum

93 987 224 1036 paullo
261 987 414 1022 lautiori
457 995 646 1024 servatam
685 987 876 1037 praeclare
905 987 1054 1037 adjecta
1084 989 1286 1025 ostendunt
1311 1017 1322 1032 ‚
1368 989 1506 1040 quibus

89 1060 170 1084 raro
202 1048 405 1084 admodum
425 1060 469 1085 ae
494 1050 638 1085 nonnisi
652 1048 761 1085 festis
787 1047 922 1086 diebus
946 1053 1123 1086 rusticum
1150 1053 1194 1086 iis
1214 1052 1409 1101 indulgere
1426 1055 1505 1093 aiu

92 1112 130 1145 in
153 1123 230 1162 quo
257 1118 295 1146 et
317 1112 470 1159 pietatis
507 1112 673 1147 rusticae
695 1112 879 1147 rationem
899 1111 1066 1148 habitam
1099 1113 1242 1150 videas.
1277 1115 1350 1151 Pro
1371 1114 1506 1152 diebus

90 1173 199 1210 festis
220 1171 454 1209 Terminalia
475 1174 513 1210 in
534 1175 662 1223 specie
689 1180 961 1209 commemorat
986 1181 1119 1223 poeta,
1146 1185 1321 1228 tanquam
1348 1178 1502 1225 religio·

90 1237 170 1272 sius
204 1235 314 1272 culta.
356 1234 579 1271 Incidebant
615 1249 658 1272 ea
696 1237 733 1271 in
767 1248 801 1273 a.
831 1236 867 1272 d.
889 1234 978 1273 VII.
1009 1237 1091 1273 Cal.
1114 1237 1234 1276 Mart.
1262 1240 1374 1275 Ovid.
1397 1240 1502 1279 Fast.

87 1297 137 1331 11.
163 1299 247 1342 639.
273 1296 493 1338 sacrificia,
519 1296 705 1332 Termino
729 1296 800 1332 deo
827 1311 847 1332 a
868 1298 990 1333 Numa
1016 1301 1182 1335 instituta
1205 1309 1315 1336 eraut
1339 1305 1502 1354 antiqui-

88 1366 146 1395 tus
170 1359 370 1404 οἷναίμακτοι
396 1358 617 1401 (Plutarch.
642 1359 677 1392 in
705 1359 820 1393 Num.
844 1373 875 1394 c·
900 1361 958 1397 16.
982 1360 1091 1396 Adde
1115 1362 1273 1412 Dionys.
1300 1362 1386 1402 Hal.
1410 1365 1502 1403 Am.

87 1420 141 1458 11.
163 1422 243 1467 466.
263 1424 303 1463 )·,
339 1435 426 1456 mox
455 1434 572 1468 agnae
605 1433 649 1456 ac
683 1433 821 1470 porcae
856 1420 1116 1458 immolatione
1147 1430 1358 1461 cruentata.
1385 1427 1500 1464 ovid.

83 1483 193 1520 Fast.
219 1484 267 1520 11.
295 1484 376 1526 655.
413 1482 624 1528 Spargitur
661 1488 699 1516 et
731 1494 842 1517 caesa
875 1484 1094 1518 communis
1130 1484 1333 1521 Terminus
1367 1501 1498 1534 agna,

86 1559 155 1581 nec
185 1544 384 1594 queritur,
422 1545 565 1578 lactens
585 1556 705 1591 quum
731 1545 808 1579 sihi
829 1557 950 1591 porca
972 1547 1101 1580 datur.
1125 1549 1187 1582 60.
1210 1553 1363 1594 ereptus
1377 1550 1492 1596 lupo,

85 1611 149 1661 qni
173 1608 267 1644 adeo
292 1608 430 1653 alioqui
453 1610 637 1656 periturus
659 1606 813 1649 fuisset,
852 1616 892 1644 ut
917 1618 1022 1646 recte
1043 1612 1159 1646 Gesn.
1179 1610 1342 1647 Martial.
1364 1614 1405 1648 X.
1431 1615 1494 1658 48-

87 1671 144 1714 14.
168 1670 324 1704 Hoedus
347 1668 557 1702 inhumani
581 1674 717 1713 raptus
736 1668 782 1703 ab
804 1681 870 1704 ore
895 1671 1000 1716 lupi,
1028 1673 1065 1706 in
1089 1671 1246 1718 frugalis
1270 1686 1408 1711 coenae
1429 1676 1497 1711 ad-

82 1740 223 1782 paratu.
257 1731 526 1776 Intempestiva
555 1731 604 1766 ad
628 1732 663 1767 h.
688 1732 713 1771 l
746 1741 804 1768 est
840 1733 979 1769 Mureti
1012 1746 1058 1769 ac
1092 1734 1265 1772 Lambini
1299 1737 1497 1785 doctrina,

81 1794 156 1830 hoc
184 1792 269 1828 ideo
302 1791 350 1827 ab
383 1792 538 1829 Horatio
564 1794 678 1840 adjici
716 1796 975 1842 monentium3
1011 1796 1113 1845 quod
1143 1809 1231 1833 caro
1260 1800 1445 1849 pecudum
1474 1817 1495 1839 a

81 1855 181 1905 lupis
204 1854 461 1890 admorsarum
482 1858 648 1892 tenerior
677 1869 721 1893 ac
737 1857 938 1894 delicatior
961 1859 1032 1902 sit,
1057 1861 1158 1908 juxta
1179 1859 1371 1899 Plutarch
1389 1863 1495 1912 Sym-

85 1931 166 1968 pos
189 1919 237 1952 Π.
262 1932 300 1967 p·
329 1924 412 1961 831·

176 1992 210 2017 υ.
235 1982 292 2016 61.
326 1979 529 2022 Utjuvat,
568 1991 740 2025 magnam
768 1980 1000 2030 voluptatem
1027 1979 1172 2025 adfert,
1199 1985 1493 2035 (contemplan-

83 2040 131 2078 do
164 2041 311 2078 divitias
345 2055 428 2077 suas
460 2043 619 2077 rusticas
652 2049 688 2077 et
720 2041 861 2077 fructus
884 2055 928 2077 ex
962 2043 1190 2090 agricultura
1216 2047 1489 2095 percipiendos

78 2106 203 2140 animo
236 2103 505 2154 praecipiendo
521 2107 560 2145 ·,)
586 2114 674 2137 oves
692 2102 792 2140 bene
818 2110 979 2148 pastas,
1006 2110 1152 2142 saturas
1171 2109 1212 2141 h.
1237 2121 1256 2143 e
1278 2117 1393 2157 pastu
1419 2109 1490 2146 tlo-

80 2181 180 2202 mum
213 2175 457 2217 properantes
481 2165 607 2201 videre
623 2192 632 2207 ‚
673 2167 782 2201 textis
813 2166 979 2202 cratibus
998 2167 1271 2214 includendas,
1299 2184 1333 2205 v.
1358 2172 1418 2216 45.
1441 2189 1491 2200 —-

83 2232 143 2267 62.
169 2231 228 2270 63.
254 2229 428 2265 Solennis
453 2230 655 2280 vespertini
679 2232 861 2278 temporis
897 2226 1118 2278 descriptio.
1145 2230 1233 2266 Vid.
1271 2232 1319 2267 ad
1352 2233 1422 2266 IV.
1454 2235 1490 2269 6.

82 2292 140 2335 42.
164 2291 275 2326 Adde
301 2292 464 2341 Oppian.
491 2291 634 2336 Cyneg.
658 2290 690 2328 Ῑ.
716 2298 783 2332 138
810 2301 893 2342 sqq.
919 2291 1055 2326 iisdem
1077 2291 1268 2329 coloribus
1298 2297 1462 2331 uieniem
1479 2308 1493 2336 ς

79 2352 101 2394 ἢ
124 2353 229 2387 πάλιν
255 2350 466 2399 ἑσπερίῃσιν,
498 2347 692 2394 ἔτ’,νῖἐλιος
713 2352 807 2396 ξεν-,ια’
828 2355 929 2396 κλίνῃ
953 2352 1049 2394 (Sol
1060 2354 1157 2400 juga
1178 2355 1346 2390 demeret
1370 2357 1489 2394 bobus

83 2414 110 2449 l.
133 2414 187 2459 l.)
226 2410 348 2448 ὁκκότε
383 2416 608 2457 σημαίνουσιν
638 2408 710 2447 boas
745 2410 902 2457 ἀγέλῃσι
935 2410 1083 2458 νομῆες,
1117 2410 1194 2450 εὖτε
1214 2420 1485 2463 καταστείχουσι

76 2476 156 2511 πυτ)
178 2475 371 2521 σφετέρους
390 2472 476 2509 ‚aaz
496 2474 613 2516 σήκους
639 2475 866 2522 βριθο’μενοιι
894 2475 1025 2521 μαζούς
1061 2490 1098 2511 τε
1122 2480 1179 2513 καὶ
1198 2476 1335 2513 οὔθατα
1359 2483 1487 2524 κυμαί-

78 2548 211 2571 νουσοιι.
247 2537 384 2582 Operis
418 2536 542 2572 ‹liurni
563 2535 836 2573 absolutionem
871 2540 1022 2587 copiose
1043 2538 1271 2575 adumbrant
1308 2540 1485 2588 b.fissi,

72 2597 217 2635 collum
240 2599 494 2646 languidum,
521 2606 557 2635 et
579 2601 698 2649 ipsum
718 2599 872 2637 verbum
898 2601 1111 2637 trahentes.
1131 2602 1240 2637 vom.
1263 2601 1484 2645 inversum,

71 2659 109 2694 h.
130 2668 295 2698 aratrum
317 2672 468 2698 vomere
491 2662 662 2704 inverso,
703 2674 734 2698 s.
764 2674 968 2711 suspenso,
1005 2672 1046 2701 ut
1073 2665 1206 2712 virgil.
1232 2664 1316 2703 Ecl.
1343 2661 1396 2700 11.
1423 2662 1482 2700 66.
