1737 3054
710 216 763 226 ...-
856 201 936 249 134
1024 218 1079 229 —-

205 309 286 351 rio,
310 307 483 359 accipias.
510 307 575 364 Est
613 309 731 345 enim:
762 312 796 345 in
824 314 1038 362 promiscuo
1062 311 1196 354 habet,
1222 316 1342 344 utrum
1366 308 1520 345 domino
1545 322 1591 345 an

205 383 311 406 servo
337 371 481 419 copiam
503 370 559 403 sui
584 369 712 406 faciat.
750 372 862 409 Plane
885 375 935 408 uti
961 374 1006 406 V.
1035 383 1088 414 17.
1115 382 1171 408 20.
1194 375 1324 406 amata
1346 372 1473 406 nautis
1495 370 1595 405 mul-

202 434 288 463 tum
307 435 345 464 et
366 430 622 466 institoribus.
649 457 659 467 .
689 456 699 468 .
719 457 729 468 .
760 433 990 470 Mercatores
1011 441 1132 469 autem
1161 436 1358 486 antiquitus
1396 435 1496 483 ipsos
1520 445 1597 468 sua·

202 501 276 527 met
303 495 449 540 negotia
475 506 620 529 curasse
638 520 648 537 ,
675 494 950 545 longinquaque
974 496 1108 529 itinera
1142 494 1414 539 marrfecisse,
1452 493 1595 530 abunde

202 558 367 594 constan
396 554 491 589 unde
517 554 742 603 simpliciter
766 562 896 589 nautae
918 553 1102 589 interdum
1129 554 1235 589 dicti.
1283 556 1384 591 Nave
1424 554 1599 601 Hispana

203 614 388 662 designari
410 624 539 664 putem
561 624 812 651 mercatorem
830 614 1034 649 Romanum
1053 640 1065 657 ,
1089 615 1149 665 qui
1174 626 1317 649 merces
1339 626 1382 650 ex
1417 614 1598 661 Hispania

202 677 405 718 convehit3
441 689 533 726 quae
565 677 766 722 negotiatio
791 680 865 709 tum
896 676 1219 725 quaestuosissima
1245 683 1337 711 erat.
1381 674 1482 712 Inest
1503 675 1599 711 adeo

202 739 256 772 vis
278 741 313 772 in
346 739 417 771 hoc
446 738 626 785 epitheto.
661 735 836 772 Ceterum
870 744 1081 772 mercatura·
1099 738 1197 787 apud
1232 738 1444 780 Romanos,
1468 743 1598 787 utpote

203 808 349 847 gentem
383 797 631 840 bellicosam,
667 800 706 833 in
740 798 841 834 nullo
875 798 1012 835 honore
1035 806 1134 842 erat,
1159 802 1301 836 etiamsi
1322 799 1419 836 haud
1440 802 1474 834 in
1499 802 1599 836 tenui

203 867 466 908 occuparetur,
494 859 563 894 sed
588 872 719 905 magna
737 868 848 912 atque
876 861 1026 910 copiosa
1045 870 1157 898 esset·
1180 877 1224 889 *-
1260 873 1317 904 3²·
1351 862 1418 897 His
1446 861 1599 898 ultimae

201 922 309 955 sortis
340 918 552 956 hominibus
580 933 721 958 rnorem
748 925 864 969 gerit,
901 922 980 959 sola
1010 925 1120 973 pretii
1148 925 1302 959 invitata
1332 922 1601 971 magnitudine.

201 982 367 1034 Uterque
388 983 483 1019 adeo
510 982 704 1028 pretiosus
724 990 849 1019 emtor
864 1012 874 1027 ‚
900 989 963 1036 qui
991 999 1128 1032 magno
1153 994 1278 1020 emunt
1298 985 1503 1030 dedecora,
1528 993 1600 1021 stu-

204 1057 273 1093 pra
290 1070 300 1087 ‚
326 1044 522 1079 adulteria.

202 1171 296 1204 viter
325 1171 522 1218 opponitur
549 1170 723 1220 antiquae
751 1169 1028 1217 simplicitatis,
1068 1170 1308 1216 frugalitati3‚
1334 1171 1602 1220 severiorisque

201 1245 344 1267 morum
371 1230 604 1279 disciplinae,
628 1230 759 1280 quibus
783 1229 882 1264 domi
906 1230 1136 1282 militiaeque
1161 1235 1318 1281 majores
1343 1229 1601 1272 inclaruerant,

200 1304 354 1345 remque
384 1293 587 1327 Romanam
613 1294 873 1327 centinuerant
900 1297 936 1325 et
961 1290 1007 1325 ad
1030 1305 1208 1328 summum
1247 1292 1435 1340 fastigium
1475 1303 1604 1327 evexe-

202 1356 309 1398 rant,
335 1356 569 1390 sanctissima
590 1355 730 1400 imago,
753 1364 823 1404 qua
845 1352 995 1404 quidem
1023 1354 1081 1388 vix
1109 1351 1298 1390 efficacius
1327 1353 1527 1404 quidquam
1554 1353 1604 1387 ad

203 1417 502 1454 commovendos
536 1418 676 1452 animos
701 1416 856 1459 cogitari
885 1420 1021 1464 potest.
1071 1414 1159 1450 Non
1198 1415 1287 1457 his,
1313 1423 1386 1450 tam
1411 1413 1604 1461 flagitiosis

200 1477 430 1525 parentibus
448 1482 537 1513 orta
561 1488 666 1514 enata
689 1484 767 1514 erat
792 1477 863 1511 illa
883 1478 1086 1521 juventus,
1112 1476 1239 1526 proles
1261 1504 1272 1520 ,
1307 1490 1399 1526 quae
1429 1477 1603 1510 maximas

205 1543 297 1578 olim
323 1554 381 1576 res
413 1546 509 1576 terra
541 1542 704 1591 marique
731 1547 895 1590 patraret
912 1565 921 1581 ,
948 1541 1203 1589 maximosque
1233 1540 1420 1574 exercitus
1447 1536 1604 1574 deleret.

203 1602 280 1638 Sed
309 1606 425 1649 major
451 1596 599 1641 δεινότης
624 1602 659 1635 in
681 1600 903 1650 specialibus
928 1599 1135 1634 notionibus
1152 1624 1162 1641 ,
1184 1599 1317 1649 quibus
1342 1600 1437 1635 hanc
1459 1607 1602 1636 senteu-

202 1667 297 1700 tiam
324 1665 525 1700 enuntiavit
551 1671 676 1712 poeta.
705 1663 787 1698 Jam
811 1676 876 1713 pro
902 1664 1020 1710 primo
1043 1661 1180 1696 Punico
1203 1659 1304 1696 bello
1326 1662 1362 1695 in
1388 1663 1512 1710 specie
1526 1673 1601 1695 me·

202 1735 396 1761 morantur
412 1738 554 1775 pugnae
577 1725 723 1760 navales
745 1723 791 1758 ad
820 1728 978 1770 Aegates
1001 1726 1245 1763 commissae,
1285 1721 1417 1773 quibus
1442 1722 1602 1757 Romani

204 1789 361 1825 ‹lue-ibus
388 1787 518 1822 Duilio
547 1794 582 1822 et
604 1787 753 1822 Lutatio
777 1785 906 1822 Catulo
933 1784 1096 1830 infecere
1115 1812 1125 1831 ,
1159 1787 1299 1822 tinxere
1330 1795 1471 1830 aequor
1501 1782 1603 1819 Sicu-

205 1853 281 1887 lum
310 1852 496 1896 sanguine
527 1849 906 1897 Carthaginiensium,
941 1862 1018 1885 rem
1055 1849 1230 1885 Punicam
1258 1850 1472 1896 gravissima
1495 1847 1602 1884 clade

203 1913 396 1950 adflixere.
446 1914 561 1947 Mare
584 1911 760 1946 Siculum
783 1914 907 1947 Poeno
930 1923 1166 1957 purpureum
1194 1910 1381 1956 sanguine
1403 1911 1438 1944 in
1473 1910 1604 1945 eadem

205 1989 245 2012 re
275 1976 406 2010 Noster
430 1975 481 2009 ΙΙ.
511 1984 564 2009 12.
590 1985 621 2008 2.
642 1992 689 2000 —
714 1972 910 2018 Pyrrhus,
937 1973 1172 2022 Epirotarum
1194 1983 1277 2011 rme,
1303 1971 1550 2006 aTarentinis
1569 1972 1603 2005 in

203 2037 383 2073 auxilium
411 2036 584 2071 adversus
608 2035 793 2069 Romanos
815 2039 979 2075 vocatus,
1006 2034 1136 2085 bisque
1157 2033 1296 2084 aliquot
1320 2033 1471 2082 praeliis
1497 2045 1601 2083 supe·

206 2100 282 2134 rior
305 2098 454 2133 tandem
480 2109 500 2131 a
525 2096 637 2131 Curio
664 2096 750 2130 Cos.
777 2093 822 2129 ad
844 2096 1137 2130 internecionem
1160 2096 1275 2130 victus
1300 2103 1370 2130 est.
1410 2093 1509 2130 Inter
1531 2108 1606 2130 ma·

207 2162 330 2195 §timos
355 2159 468 2194 duces
496 2160 672 2206 princeps
693 2156 875 2203 judicatus
900 2155 945 2190 ab
977 2155 1197 2192 Hannibale.
1223 2155 1280 2190 Cs.
1309 2156 1453 2192 Aelian.
1480 2156 1524 2193 Υ.
1555 2156 1604 2193 Η,

209 2221 288 2256 th.
312 2220 375 2256 23.
402 2239 447 2248 -
469 2217 701 2260 Antiochus,
728 2219 857 2266 Syriae
886 2230 973 2261 rex,
1000 2217 1193 2260 Thoantis,
1217 2217 1386 2254 Aetoliae
1411 2220 1605 2267 principis,

212 2290 249 2317 et
274 2281 490 2317 Hannibalis
524 2280 684 2330 impulsu
702 2280 887 2314 Romanos
917 2278 1019 2314 bello
1046 2279 1239 2324 adgressus
1257 2303 1267 2322 ‚
1293 2279 1456 2327 primum
1490 2283 1605 2325 mari,

208 2343 305 2378 duce
331 2344 495 2379 Aemilio
533 2342 704 2389 Regillo,
745 2341 828 2376 dein
855 2350 951 2377 terra
978 2339 1024 2376 ab
1053 2341 1175 2375 Acilio
1204 2339 1409 2377 Glabrione
1434 2351 1468 2377 et
1493 2341 1604 2377 Corn.

207 2404 382 2450 Scipione
405 2404 572 2439 devictus
600 2411 667 2439 est.
717 2403 861 2447 Ingens
887 2402 1029 2445 dictus,
1051 2415 1129 2437 cum
1156 2401 1252 2451 quod
1278 2401 1420 2450 Syriam
1448 2411 1604 2445 teneret,
1654 2422 1657 2423 ⁷

206 2465 326 2509 viris,
352 2464 484 2508 opibus
501 2490 511 2506 ,
538 2464 660 2496 armis
684 2462 985 2506 copiosissimam
1011 2461 1127 2507 (lslor.
1158 2462 1210 2497 ΙΙ.
1235 2464 1269 2499 8,
1297 2465 1353 2497 cui
1378 2465 1497 2500 eidem
1521 2465 1605 2500 ideo

206 2529 234 2562 l.
262 2527 287 2564 l.
308 2527 510 2560 maximus
540 2536 673 2570 regum
706 2525 845 2568 dictus)
882 2533 954 2559 tum
977 2527 1135 2561 maxime
1152 2554 1159 2568 ,
1187 2526 1285 2578 quod
1309 2534 1406 2561 tanto
1431 2525 1607 2574 adparatu

211 2589 305 2625 illud
330 2588 504 2624 adversus
532 2588 722 2621 Romanos
750 2586 889 2620 bvllum
918 2585 1114 2621 moliretur
1131 2613 1140 2629 ,
1166 2596 1201 2622 ut
1226 2591 1286 2623 vix
1313 2585 1418 2622 aliud
1435 2585 1611 2621 formido·

208 2650 321 2690 iosias
344 2651 441 2688 fama
466 2648 664 2686 videretur.
716 2648 775 2683 Ad
806 2660 1013 2696 cognomen
1035 2647 1181 2696 Magni
1204 2651 1327 2687 volunt
1358 2647 1514 2702 quidam
1541 2649 1611 2684 isto
