1737 3054
633 208 1009 257 ..3.7..

141 318 355 364 videtur
390 318 602 378 opinio,
651 317 744 378 qui
779 315 1037 362 Paullum
1078 314 1307 360 Fabium
1343 312 1527 360 Maxi-

135 401 301 438 mum,
363 386 480 444 qui,
529 397 850 444 quamquam
891 383 1063 427 multo
1110 383 1316 429 serias,
1364 397 1525 437 qaam.

134 451 233 495 hoc
262 464 479 494 carmen
506 453 767 508 scriptam
797 454 904 500 est,
941 463 1056 492 cum
1081 448 1140 505 Q.
1166 444 1322 491 Aelio
1356 444 1528 489 Tabe-

132 529 265 560 rone
291 522 358 565 (α.
385 512 755 574 DCCXLIII.)
786 508 1152 575 consulfait,
1179 508 1523 570 intelligunt.

584 685 1070 733 AdnotationeS.

221 820 254 841 v.
281 819 313 845 1.
352 806 456 845 Ecce
488 811 620 846 iterum
639 808 685 845 ad
711 819 873 844 amorem
889 833 899 849 ,
934 810 992 840 oui
1014 800 1151 855 dudum
1173 802 1284 838 finem
1307 800 1528 850 imposuisse

129 867 224 902 mihi
251 867 402 905 videbar
419 897 430 912 ,
465 869 646 921 compelli
672 883 731 905 me
756 868 897 904 sentio!
926 866 996 901 Pro
1024 878 1096 916 quo
1123 861 1282 898 nobilius
1308 862 1530 911 phantasma

126 938 208 972 ‘SM
244 930 344 980 qnod
378 946 399 967 a
426 931 572 969 Venere
597 944 681 969 sese
707 931 828 967 denuo
850 929 898 965 ad
925 941 1087 964 amorem
1118 926 1283 970 instigari
1304 924 1424 965 dican
1454 936 1529 974 quo

126 1000 162 1026 et
186 992 454 1028 vehementiam
488 998 595 1041 ejus,
622 1000 659 1028 et
683 992 781 1043 quod
804 993 962 1031 invitus,
990 990 1128 1038 quippe
1151 985 1231 1021 fere
1256 986 1530 1035 quinquagena-

126 1055 224 1095 rius,
259 1056 292 1089 ei
317 1053 578 1096 succubuerit,
602 1052 795 1104 praeclare
815 1050 993 1087 declarat.
1022 1046 1081 1083 Cf.
1103 1048 1248 1083 omnino
1275 1045 1303 1080 1.
1332 1055 1387 1088 19.
1403 1057 1424 1089 9
1448 1056 1531 1096 sqq.

125 1111 286 1149 Aestum
315 1120 447 1163 poetae
470 1114 593 1150 vivida
614 1118 736 1150 statim
757 1105 882 1164 prodit
906 1112 1080 1148 orationis
1104 1109 1152 1146 ad
1170 1108 1356 1146 Venerem
1379 1119 1534 1157 conver·

122 1175 193 1211 sio.
212 1192 259 1201 —
284 1173 382 1209 bella
404 1186 557 1217 moves,
581 1174 629 1211 ad
653 1176 787 1211 amoris
808 1173 985 1209 militiam
1007 1185 1066 1208 me
1093 1175 1258 1212 excitas;
1292 1176 1380 1204 nota
1403 1169 1533 1214 imagi-

123 1248 185 1270 ne.
218 1235 306 1271 vid.
333 1235 377 1270 ad
407 1236 478 1270 111.
504 1236 562 1273 26.
586 1248 618 1271 2.
642 1254 688 1263 —
726 1245 883 1277 rursus,
919 1241 1005 1283 post
1029 1231 1199 1268 militiam
1225 1231 1314 1266 hanc
1337 1227 1401 1266 diu
1424 1234 1532 1266 inter-

122 1301 298 1340 missam,
337 1301 398 1348 qui
419 1297 483 1332 diu
507 1297 621 1332 amori
645 1296 744 1332 haud
773 1296 992 1332 vacaverim.
1017 1309 1065 1321 ——
1089 1295 1229 1335 Parce,
1262 1294 1383 1340 cogita
1408 1290 1533 1328 Vene-

126 1371 205 1394 rem
228 1360 430 1394 instantem
451 1365 584 1409 poetae
608 1358 836 1401 reluctanti,
869 1359 1042 1408 tantoque
1070 1359 1214 1402 gravius
1237 1360 1453 1400 urgentem3
1481 1354 1533 1389 in-

126 1424 184 1455 est
216 1417 310 1454 adeo
345 1419 664 1456 vehementissimi
688 1419 823 1454 amoris
844 1419 943 1454 notio
960 1443 971 1460 ,
1007 1420 1120 1453 etiam
1141 1419 1296 1465 repetito
1318 1427 1453 1460 precor
1477 1415 1531 1452 lu·

125 1479 292 1516 culenter
323 1480 484 1530 prodita.
531 1479 574 1515 In
599 1480 669 1521 hoe
693 1477 825 1514 ducem
852 1477 948 1513 forte
961 1476 1088 1513 habuit
1109 1484 1222 1525 poeta
1244 1474 1441 1518 Alcaeum,
1468 1487 1530 1511 cu·

122 1544 183 1592 jus
223 1540 355 1588 fragm.
381 1548 566 1578 servarunt
596 1539 801 1590 Haphaest.
833 1553 870 1588 p.
900 1539 956 1573 16·
981 1545 1019 1573 et
1054 1536 1183 1574 Schol.
1209 1534 1404 1583 Aristoph'.
1428 1534 1526 1575 Plur.

120 1604 203 1640 302.
228 1602 328 1646 δέξαι
347 1615 396 1645 με
422 1601 647 1647 κωμάζοντα,
678 1600 804 1645 δέξαι,
839 1603 1014 1643 λίσσομαί
1033 1612 1094 1644 σε,
1125 1601 1308 1642 λίσσομαι.

209 1664 251 1697 ,υἱ
274 1674 309 1706 3.
343 1661 430 1697 Non
455 1666 531 1711 jam
559 1663 721 1712 amplius
750 1664 852 1709 vigor
879 1666 1012 1716 aetatis
1037 1667 1231 1711 superest,
1257 1660 1442 1696 amoribus
1466 1671 1529 1707 ap-

121 1725 292 1760 tissimus.
328 1723 479 1760 Florem
511 1729 641 1761 aetatis
664 1737 751 1762 suae
777 1724 934 1774 pulchre
970 1731 1083 1773 poeta
1109 1736 1130 1758 a
1159 1721 1318 1758 Cinarae
1342 1719 1529 1758 amoribus

120 1785 314 1833 designat,
355 1799 444 1836 quos
482 1785 561 1828 eius
588 1788 728 1836 primos
757 1785 1118 1836 jucundissimusque
1151 1783 1270 1820 fuisse
1305 1791 1405 1821 recte
1441 1783 1530 1820 inde

120 1847 287 1894 colligas.
332 1847 510 1880 Cinaram
543 1841 738 1883 immatura
764 1853 881 1883 morte
919 1845 1058 1883 obiisse
1093 1856 1141 1882 ex
1176 1846 1245 1880 IV.
1272 1850 1328 1886 ¹3·
1351 1855 1408 1881 21.
1445 1859 1530 1881 con-

119 1915 205 1943 stat.
243 1908 453 1944 Tenerrimi
489 1910 601 1955 igitur
627 1907 794 1945 adfectus
826 1909 938 1959 plena
964 1916 1019 1944 est
1056 1910 1134 1955 ejus
1154 1908 1293 1956 injecta
1321 1907 1355 1942 lr-
1376 1906 1403 1944 l.
1430 1920 1531 1943 men·

120 1971 184 2005 rio.
212 1988 256 1997 —
278 1969 421 2014 bonae,
447 1969 613 2007 moribus
640 1971 790 2023 probis,
817 1972 970 2006 minime
996 1970 1232 2005 meretriciis.
1258 1966 1402 2004 Tibull.
1430 1965 1527 2012 11.4.

117 2036 179 2074 45.
211 2029 269 2065 At
299 2030 397 2066 bona
434 2045 550 2080 quae,
594 2044 662 2067 nec
684 2043 800 2067 avara
820 2029 911 2079 fuit
948 2038 1021 2067 cet.
1055 2024 1339 2065 Immunemee
1370 2028 1531 2061 Cinarae

116 2093 311 2140 placuisse
334 2093 465 2130 scribit
484 2095 583 2145 Epp.
606 2095 636 2128 1.
664 2095 717 2140 14.
742 2096 858 2137 33.-
882 2093 1063 2140 Regnum
1086 2092 1279 2143 proprium
1303 2092 1527 2129 amicarum.

121 2154 185 2188 cui
209 2153 370 2188 Servl'tus
393 2163 595 2192 amatorum
618 2160 841 2206 opponitur;
869 2154 1084 2202 pervulgata
1106 2156 1264 2190 ratione.
1288 2150 1376 2189 vid.
1404 2151 1453 2187 ad
1477 2151 1528 2186 11.

121 2222 157 2253 8·
181 2219 236 2252 18·
273 2214 432 2262 Vulgare
464 2220 592 2268 utique
628 2225 729 2262 erat,
766 2229 877 2268 quum
902 2215 1062 2253 Cinarae
1095 2216 1268 2253 addictus
1289 2227 1417 2258 eram,
1445 2227 1527 2250 eam

119 2280 227 2312 unice
251 2277 438 2315 amabam.
1146 2267 1153 2278 ’

214 2351 249 2372 v·
286 2350 310 2381 4
330 2356 375 2365 -
399 2351 435 2386 7.
477 2341 634 2378 Pulchre
657 2349 852 2378 exornatur
870 2338 1190 2391 amplificaturque
1225 2334 1527 2374 antecedentium

120 2414 178 2436 vv.
198 2403 398 2438 sententia.
425 2403 495 2440 Pro
518 2404 681 2452 vulgari:
715 2419 760 2439 ne
786 2417 865 2444 me,
894 2407 1000 2438 nimis
1014 2410 1133 2438 aetate
1153 2408 1371 2450 provectum
1387 2426 1399 2444 ,
1424 2410 1526 2434 ama-

119 2475 162 2500 re
186 2475 320 2511 cogas,
348 2463 490 2501 doctius
513 2474 617 2509 erat,
641 2479 687 2501 ne
707 2477 770 2500 me
800 2471 860 2498 tuo
884 2465 1037 2512 imperio
1060 2464 1196 2498 iterum
1217 2460 1396 2510 subjicias
1432 2462 1531 2509 (jux-

119 2531 156 2560 ta
190 2524 445 2575 pervulgatam
476 2527 633 2562 Graecis
667 2523 841 2576 loquendi
861 2528 1037 2561 rationem
1054 2550 1064 2565 ,
1090 2522 1269 2565 δμηθῆναι
1296 2520 1344 2555 ὁκ’
1367 2519 1523 2566 Ἑρωτος,

122 2594 159 2622 et
184 2590 264 2622 sim.
303 2585 470 2636 speciali
495 2589 587 2624 hanc
614 2589 810 2624 exornavit
832 2586 940 2631 idea,
977 2599 998 2621 a
1036 2583 1230 2621 domandis
1259 2582 1523 2632 fingendisque

120 2649 227 2700 equis
259 2651 393 2699 petita.
422 2649 526 2695 Quae
550 2649 679 2687 eadem
701 2653 776 2700 jam
802 2647 973 2686 adbibita
1005 2656 1060 2685 est
1085 2646 1133 2683 ab
1162 2646 1395 2685 Hermesian·
1421 2643 1466 2683 el.
1491 2654 1522 2678 v·
