1689 3086
596 209 653 218 ...-
747 189 832 240 423
921 213 980 220 ..-

90 302 238 339 fortiter
269 312 335 338 eos
367 301 576 350 adgressus.
601 302 754 343 —plus
789 301 867 335 vice
901 301 1090 347 simplici,
1126 305 1176 339 ita
1203 311 1245 339 ut
1276 315 1351 339 non
1377 303 1499 338 viceni

90 370 233 399 tantum
260 363 424 398 hostibus
448 360 695 412 rependeret,
719 361 786 397 sed
813 361 928 397 multo
952 365 1123 408 gravius,
1151 377 1259 415 quam
1281 365 1496 410 accepisset

93 426 138 459 iis
169 423 349 460 damnum
365 422 562 470 infligeret.
607 421 717 456 Vices
740 427 865 465 enim,
892 421 1047 466 ἀμοιβὴ,
1078 423 1204 459 illatae
1229 426 1386 470 injuriae
1408 438 1506 460 com-

93 490 261 536 pensatio
279 511 291 530 ,
327 486 436 521 ultio.
465 484 554 520 Vid.
581 483 630 520 ad
654 483 686 517 1.
711 487 770 522 28.
794 492 854 529 32.
879 484 984 519 Bene
1009 484 1134 521 Schol.
1165 484 1279 536 Cruq.
1301 489 1414 535 „quia
1430 485 1510 535 plu-

94 560 153 583 res
179 549 341 583 hostiurn
360 555 635 598 prostraverat,
671 558 780 597 quarn
816 545 1043 596 perdiderat.
1077 547 1225 581 Drusus
1251 550 1354 582 enim
1387 545 1510 581 laesus

91 610 218 658 pacari
241 622 310 644 non
334 615 497 659 poterat,
531 611 603 644 nisi
626 607 818 656 duplicem
843 609 996 645 inferret
1022 608 1242 655 injuriam.“
1268 606 1407 642 Inscite
1430 607 1511 655 ple-

93 674 225 721 rique,
267 655 348 719 plus
374 684 483 723 quam
514 670 654 714 semel,
690 670 790 722 quod
829 683 898 706 nec
933 670 1085 705 latinum
1118 683 1187 707 nec
1210 675 1322 719 poeta
1357 667 1510 715 dignum

93 742 161 769 est.
198 731 275 768 Alii
298 732 345 768 ad
367 745 474 784 seqq.
499 735 646 769 trahunt
664 761 674 777 ,
702 741 761 775 et,
790 732 983 780 Virgilium
1010 733 1103 770 Aen.
1132 733 1183 767 ΙΙ.
1211 732 1292 776 435.
1316 742 1386 764 nec
1408 730 1512 764 ullas

87 794 272 829 vitavisse
304 794 402 829 vices
444 792 631 830 Danaum
669 808 735 843 pro
771 809 880 832 causa
922 808 987 831 sua
1020 793 1249 840 allegantes,
1289 799 1507 843 exponunt,

92 871 164 892 non
194 871 267 892 uno
301 868 528 904 congressu,
571 872 642 892 non
680 871 751 893 una
789 870 922 904 pugna.
969 856 1045 892 Sed
1072 856 1221 904 Virgilii
1248 855 1354 892 locus
1379 868 1511 906 parum

88 919 269 968 praesidii
300 919 386 957 huic
409 920 706 969 interpretationi
726 919 965 968 suppedit-an
1001 931 1084 953 narn
1109 925 1145 953 et
1167 918 1219 953 ibi
1247 926 1324 955 est:
1354 919 1508 967 copiam

89 980 180 1029 ipsis
204 979 304 1022 feci,
339 980 599 1016 caedemame
626 978 762 1015 factam
785 978 1016 1021 ulciscendi,
1044 992 1205 1028 pugnam
1232 978 1331 1014 haud
1361 978 1508 1026 defugi-

89 1040 208 1083 endo,
242 1040 364 1077 obtuli
396 1054 454 1076 me
480 1044 643 1090 ipsorum
677 1041 831 1078 ultioni:
872 1040 1071 1088 subjicitur
1108 1043 1231 1079 enim:
1274 1048 1330 1084 et,
1369 1042 1510 1089 sz'satoe

74 1103 281 1151 fuissent,
323 1106 367 1135 ut
399 1101 594 1146 caderem,
631 1104 808 1139 meruisse
840 1115 976 1145 manu,
1012 1101 1050 1137 h.
1084 1109 1208 1150 strage
1247 1104 1342 1139 inter
1379 1104 1508 1139 hostes

91 1163 206 1200 edita.

184 1238 221 1264 υ.
258 1233 315 1266 14.
361 1226 467 1260 Mox
501 1237 606 1269 rem,
651 1231 689 1260 ut
721 1225 831 1274 plane
867 1234 979 1272 gesta'
1008 1233 1110 1269 erat,
1150 1225 1339 1274 indigitat.
1373 1225 1509 1269 Major

85 1289 185 1324 enirn
206 1286 406 1321 Neronum
422 1313 431 1330 ,
465 1286 646 1322 Tiberius
664 1313 674 1329 ,
702 1294 778 1322 tum
801 1287 955 1322 demum
979 1287 1156 1324 adversus
1184 1289 1370 1325 Rhaetiae
1393 1303 1511 1338 popu·

84 1348 141 1385 los
178 1349 224 1385 ab
253 1349 420 1394 Augusto
442 1350 597 1389 missus,
635 1362 748 1400 quum
781 1362 800 1384 a
827 1349 952 1385 Druso
983 1349 1032 1384 ab
1061 1349 1170 1385 Italia
1196 1352 1328 1399 rejecti
1356 1349 1510 1385 Galliae

88 1412 342 1450 imminerent,
365 1410 437 1446 Dio
455 1409 624 1445 LIV.22.
654 1407 836 1457 Τῷἕναυε
855 1411 1042 1458 vulgarem
1067 1411 1292 1448 locutionem
1310 1412 1510 1458 praelium

87 1471 309 1514 commisit,
344 1471 509 1507 redemit
544 1469 830 1522 nobilitavitque
856 1481 977 1521 poeta.
1016 1473 1082 1508 Est
1106 1479 1233 1516 enim,
1273 1475 1372 1520 gravi
1395 1471 1508 1507 clade

83 1535 253 1571 Rhaetos
287 1532 433 1570 adflixit
455 1545 498 1568 ac
513 1534 681 1578 pepulit,
707 1535 740 1566 in
769 1533 891 1580 fugam
924 1536 1060 1577 vertit;
1087 1534 1264 1583 dispersit
1292 1547 1418 1569 eorum
1445 1545 1510 1568 eo·

85 1599 168 1644 pias
184 1623 195 1640 ‚
224 1608 383 1644 pugnarn
399 1594 580 1628 secundis
607 1595 760 1642 Augusti
785 1594 990 1640 auspiciis,
1020 1609 1114 1646 quae
1137 1596 1397 1632 felicissimum
1429 1598 1507 1631 exi-

84 1666 160 1695 tum
187 1658 438 1709 sponderent,
473 1657 721 1706 capessendo.
747 1675 790 1684 —
823 1658 1017 1692 immanes
1042 1670 1203 1707 corpore
1230 1672 1274 1694 ac
1297 1660 1430 1695 virium
1451 1669 1509 1692 ro-

87 1720 193 1758 bore.
218 1710 335 1771 Sffipra
359 1734 392 1756 v.
419 1729 474 1755 10.
495 1719 750 1762 implacidum
772 1730 910 1765 genus.

180 1794 217 1821 v,
247 1794 302 1825 ¹7-
327 1774 594 1828 spectandus,
622 1786 817 1829 egregium
840 1783 895 1817 sui
920 1783 1177 1832 spectaculum
1203 1780 1391 1831 praebens
1407 1807 1418 1824 ,
1445 1793 1509 1816 eu·

86 1847 143 1894 jus
163 1843 345 1881 fortitudo
365 1846 599 1880 mirationem
626 1843 794 1887 faceret,
825 1843 866 1877 in
904 1844 1116 1879 certamine
1141 1843 1295 1880 Martio
1313 1870 1323 1886 ,
1357 1856 1481 1893 pugna
1497 1867 1509 1885 ‚

87 1901 248 1949 ἔκηαν
265 1911 346 1941 λος
386 1906 431 1941 ἐν
466 1904 640 1954 πόὶνοις
673 1906 980 1949 Ἐνυαλίοιο,
1012 1909 1066 1941 uti
1100 1905 1346 1956 planessPind.
1372 1905 1508 1940 Isthnu

87 1968 154 2006 VI.
193 1976 250 2013 79.
283 1972 342 2008 80.
377 1968 608 2009 Certamen,
647 1965 779 2010 labor,
825 1978 920 2012 opus
957 1968 1129 2012 Martis,
1174 1967 1304 2011 bella,
1339 1979 1508 2018 pugnae·‚

88 2038 173 2066 nota
197 2029 375 2081 loquendi
399 2032 555 2065 ratione.
580 2029 666 2064 Vid.
694 2029 744 2064 ad
770 2028 834 2064 IV.
861 2031 897 2075 4.
926 2037 983 2070 45.
1023 2031 1143 2066 Docta
1172 2036 1294 2066 autem
1316 2034 1506 2078 junctura,

88 2092 342 2138 spectandus,
377 2091 535 2139 quantis
568 2091 692 2125 ruinis
719 2091 923 2141 fatigaret
945 2091 981 2125 d.
1016 2102 1069 2127 m.
1105 2095 1293 2137 pectora,
1331 2105 1400 2142 pro
1429 2090 1505 2127 vul,

88 2156 192 2203 gari:
219 2152 450 2190 admirabilis
474 2165 651 2203 prorsus,
687 2165 799 2203 quum
824 2155 999 2188 maximis
1016 2155 1142 2189 ruinis
1166 2159 1239 2189 cet.
1262 2163 1328 2188 seu
1345 2181 1356 2198 ‚
1382 2153 1509 2188 maxi-

90 2228 147 2250 ma
172 2217 306 2252 virtute
330 2217 578 2266 conspicuus²
603 2228 672 2265 qua
692 2215 816 2250 hostes
839 2214 1095 2251 contunderet·
1124 2235 1169 2241 —
1195 2214 1342 2266 quantis
1365 2213 1508 2256 ruinis,

88 2276 258 2314 cladibus
281 2275 504 2325 fatigaret,
535 2276 777 2324 infringeret,
818 2275 866 2312 ad
902 2277 1208 2327 desperationem
1242 2276 1411 2324 adigeret
1443 2286 1510 2321 pe.-

86 2345 194 2373 ctam
210 2366 220 2383 ‚
260 2339 406 2376 ferocee
438 2340 598 2376 hostium
624 2344 781 2375 animos.
805 2359 854 2367 —
879 2338 1009 2374 devoti
1044 2341 1169 2374 morti
1188 2338 1353 2382 liberae,
1380 2339 1446 2390 qui
1466 2341 1504 2372 in

89 2401 266 2437 libertate
301 2406 392 2437 mori
423 2401 598 2448 mallent,
636 2415 748 2454 quam
789 2404 1004 2438 servitutem
1025 2403 1128 2452 pati,
1157 2404 1219 2451 qui
1247 2400 1344 2438 adeo·
1367 2414 1436 2450 pro
1466 2399 1507 2433 li-

91 2461 234 2500 bert'ate
263 2463 311 2499 ad
337 2466 630 2502 internecionem
653 2464 902 2507 dimicarent3
936 2476 1010 2516 qua
1033 2463 1185 2516 quidem
1208 2464 1368 2500 hostiurn
1395 2464 1509 2512 perti·

87 2528 200 2562 nacia
221 2523 368 2566 Tiberii
401 2528 577 2564 virtutem
612 2528 768 2564 mirifice
794 2527 996 2569 illustrari,
1037 2531 1118 2579 quis
1155 2540 1227 2561 non
1253 2525 1399 2563 sentit?
1437 2525 1506 2559 A}-

92 2588 186 2626 ludit
221 2597 350 2624 autem
384 2597 498 2639 poeta
530 2589 577 2626 ad
612 2603 778 2632 morem,
817 2590 1017 2625 Germanis
1046 2586 1198 2638 populis
1238 2598 1511 2638 communem-,⁴

94 2652 203 2687 morti
235 2662 318 2688 sese
340 2663 408 2701 pro
443 2653 585 2702 patriae
614 2651 789 2691 libertate
822 2664 861 2689 re
887 2653 924 2687 in
956 2664 1135 2689 summum
1168 2649 1369 2686 discrimen
1393 2648 1511 2688 addo-0
