1737 3054
622 228 672 238 -..
763 209 846 259 245
936 227 992 236 -.

105 319 257 352 sensus,
292 321 314 345 a
343 310 421 345 Deo
444 310 631 344 immissos
653 325 698 334 —-
724 305 861 355 quibus
880 305 1005 340 antris
1027 300 1186 343 audiar,
1223 302 1258 335 in
1284 313 1374 351 quae
1397 305 1498 335 antra

109 368 284 420 abreptus
304 370 442 405 audiar
459 369 672 410 meditans,
703 368 862 404 mediter
883 376 992 418 atque
1021 377 1150 401 canam
1172 362 1375 408 Augustum
1392 387 1400 400 .
1421 362 1499 411 qui-

111 428 178 466 bus
202 433 238 466 in
261 434 376 465 antris
399 440 569 467 resonent
593 430 820 467 immortales
844 431 998 476 Augusti
1022 422 1185 463 laudes?
1210 423 1294 459 Jam
1321 421 1502 457 evolvitur

118 498 250 542 poetae
274 492 569 535 enthusiasmus,
608 497 642 528 in
665 496 830 540 Augusto
850 491 1011 527 defixus.
1028 486 1225 524 Praeclare
1249 492 1373 520 autem
1391 490 1502 532 atque

109 554 294 602 exquisite
313 565 462 602 prorsus
484 554 635 601 singula.
669 554 710 588 In
732 560 834 588 antra
856 552 1028 588 concedit
1054 558 1164 601 poeta
1187 555 1380 590 cauturus,
1416 551 1503 579 noto

111 613 381 663 phantasmate.
411 615 499 650 Vid.
533 615 580 651 ad
619 616 686 650 111.
712 623 746 655 4.
769 623 830 655 4ο.
848 633 893 642 --
914 613 1082 660 egregii,
1118 607 1441 659 incomparabilis,
1466 612 1506 639 ut

105 674 136 709 1·
165 673 198 708 6.
221 686 282 711 11.
307 695 353 702 —
383 677 570 712 meditati
595 678 642 713 de
666 678 810 726 poetis,
849 684 885 710 ut
918 672 1094 720 μελετᾷν,
1126 677 1286 708 animum
1305 669 1354 706 ad
1376 680 1506 704 canen-

109 737 195 771 dum
227 750 473 787 componere,
510 752 637 776 omnes
660 740 697 773 in
720 745 936 786 argumento
968 737 1091 787 aliquo
1115 732 1306 770 tractando
1335 728 1506 778 cogitati-

109 812 195 834 ones
225 799 408 847 defigere,
436 809 515 836 tum
541 800 649 838 docte
673 814 766 850 pro,
793 813 939 836 canere.
975 799 1055 834 Jam
1081 794 1221 832 duobus
1241 793 1361 830 modis
1378 789 1509 828 verbo-

110 873 189 896 rum
211 861 376 904 junctura
415 864 558 898 institui
600 870 737 913 potest.
788 862 999 897 Pedestrior
1032 868 1106 896 est:
1144 856 1301 900 audiar,
1336 861 1510 890 resonent

112 932 247 965 antra,
293 924 485 958 meditans
519 924 706 968 inserere,
748 924 836 958 dum
866 924 1055 967 meditor,
1089 921 1127 956 id
1151 923 1260 956 unice
1283 932 1375 966 ago,
1408 917 1509 951 utin-

108 997 226 1019 seram
250 993 323 1021 cet.
364 986 511 1030 Quanto
535 984 704 1027 doctior,
737 992 994 1036 commotoque
1014 991 1147 1033 poetae
1170 982 1284 1016 multo
1298 980 1509 1016 adcommo-

118 1046 243 1082 datior
267 1046 382 1082 altera
408 1047 504 1083 haec
529 1047 658 1098 paullo
678 1046 856 1083 audacior
877 1052 1079 1083 structuraz
1115 1045 1247 1096 quibus
1264 1044 1379 1078 antris
1407 1041 1513 1077 audi-

111 1121 154 1144 ar
183 1108 391 1152 meditans,
426 1108 641 1145 meditando
657 1136 668 1152 ,
707 1109 897 1152 canendo,
935 1116 1044 1144 cantu
1070 1120 1152 1142 meo
1177 1105 1292 1139 decus
1315 1103 1439 1138 stellis
1453 1104 1511 1137 in-

107 1183 257 1213 serere,
288 1170 387 1223 quod
410 1173 563 1221 copioso
588 1180 721 1208 ornatu
743 1171 907 1213 dictum,
942 1183 1010 1221 pro
1032 1169 1159 1206 audiar
1184 1179 1342 1208 canens,
1382 1177 1511 1201 canam

113 1235 273 1279 Augusti
299 1233 436 1269 decus!
466 1234 537 1269 Pro
566 1233 731 1281 vulgari,
746 1233 952 1278 celebrare,
974 1232 1154 1268 extollere
1170 1257 1181 1274 ,
1209 1226 1408 1279 splendide
1433 1234 1514 1270 est,

117 1293 253 1335 decus,
284 1293 441 1339 gloriam
465 1294 637 1330 Caesaris
661 1295 786 1328 stellis
808 1295 914 1330 coelo
936 1295 1127 1337 inserere,
1151 1291 1289 1326 inferre
1317 1296 1425 1340 atque
1442 1289 1512 1338 ipsi

115 1355 276 1390 con-tillo
299 1354 426 1399 Iovis,
452 1355 562 1393 deum
586 1358 680 1393 inter
704 1358 820 1392 Divos
842 1356 1080 1396 consiliantes
1102 1352 1193 1396 (ΙΙΙ.
1214 1358 1248 1392 5.
1266 1352 1339 1396 17.)
1366 1361 1516 1400 reprae-

120 1425 279 1453 sentare.
325 1417 613 1454 Excelsissimus
639 1421 675 1453 in
693 1418 765 1453 hoc
786 1417 961 1466 spiritus!
988 1423 1158 1465 tanquam
1186 1413 1333 1448 divinos
1355 1411 1515 1446 honores

118 1485 231 1527 poeta
261 1478 412 1513 Caesari
436 1488 624 1529 praestet,
658 1483 762 1527 cujus
787 1492 918 1514 nomen
951 1477 1116 1513 carmine
1142 1487 1208 1508 Suo
1235 1471 1515 1509 immortalitati

113 1545 329 1582 consecret,
353 1552 459 1592 ²quae
494 1540 649 1577 eaedem
672 1540 777 1575 ideae
799 1546 881 1574 sunt
894 1538 959 1572 IV.
984 1540 1020 1575 8.
1045 1546 1088 1572 22
1113 1548 1193 1586 sqq.
1216 1532 1431 1575 Aeternum
1457 1545 1516 1568 or-

115 1609 205 1637 nate
243 1598 286 1644 τῇ
317 1601 432 1635 decus
467 1600 690 1648 simpliciter
726 1599 918 1649 adjectum
953 1597 1075 1634 videri
1102 1597 1244 1647 possit,
1276 1603 1316 1631 ut
1340 1598 1414 1638 sit,
1451 1596 1517 1630 im-

120 1662 305 1705 mortale,
331 1663 554 1698 aeternitate
578 1661 728 1709 dignum
745 1687 756 1705 ,
783 1662 981 1702 eximium;
1008 1660 1074 1695 sed
1097 1659 1218 1706 lyrica
1242 1660 1337 1693 ratio
1362 1655 1517 1697 suadet,

113 1730 153 1759 ut
188 1722 336 1758 aeterni
370 1724 472 1759 notio
499 1720 544 1766 τῷ
568 1722 737 1757 inserere
772 1721 896 1755 stellis
917 1726 1109 1771 jungatur,
1148 1727 1186 1755 ut
1210 1722 1256 1755 sit
1284 1732 1376 1766 pro,
1405 1717 1519 1753 decus

119 1791 312 1820 aeternum
343 1784 465 1822 faeere
481 1811 492 1830 ‚
529 1785 630 1837 quod
653 1785 698 1820 fit
719 1784 938 1828 ἀποθεώσει,
965 1788 1068 1834 cujus
1093 1788 1281 1830 augustam
1304 1781 1433 1817 statim
1453 1780 1519 1812 im-

113 1847 247 1882 miscet
271 1849 458 1897 speciem.‚

214 1920 250 1944 υ.
278 1919 313 1955 7.
351 1909 512 1946 Pulchre
547 1909 657 1946 decet
681 1911 887 1957 arrogantia
909 1910 978 1944 ista
996 1915 1171 1957 poetam,
1212 1905 1258 1941 ab
1287 1903 1518 1952 argumenti,

123 1970 225 2022 quod
254 1977 412 2015 tractat,
437 1976 631 2020 majestate
651 1978 799 2015 sumta3
827 1984 899 2021 quo
912 1971 962 2006 ita
981 1969 1156 2011 adflatur,
1183 1975 1221 2004 ut
1241 1980 1279 2004 se
1295 1965 1405 2016 plane
1428 1963 1522 1999 divi-

119 2045 205 2067 num
225 2031 411 2084 quoddam
432 2033 738 2084 proloquuturum
765 2033 938 2067 audacter
957 2030 1132 2067 adfirmet
1151 2042 1164 2075 3
1198 2043 1273 2080 quo
1285 2024 1437 2080 quidem
1467 2026 1521 2061 di-

123 2095 210 2128 vino
244 2107 395 2142 prorsus
427 2096 585 2132 artificio
618 2097 930 2147 exquisitissimas
970 2095 1128 2142 Augusti
1151 2090 1283 2128 laudes
1315 2088 1523 2131 contineri,

123 2153 181 2190 vel
215 2154 386 2192 hebetior
416 2157 699 2196 animadvertat.
741 2155 909 2200 Dicam,
939 2155 1153 2205 proferam,
1190 2164 1319 2189 canam
1346 2147 1521 2194 insigne,

122 2215 221 2268 quod
246 2228 332 2265 prae
357 2217 524 2254 omnibu·
545 2221 729 2262 emineat,
757 2217 941 2264 singulare
962 2228 1136 2267 prorsus,
1163 2225 1309 2256 recens,
1333 2223 1519 2259 nunquam

124 2278 285 2314 auditum
302 2304 312 2321 ,
351 2278 475 2313 adhuc
508 2278 698 2314 indictum
727 2292 792 2316 ore
816 2279 918 2322 alio,
954 2289 977 2313 a
996 2278 1144 2313 nemine
1166 2275 1288 2310 adhuc
1314 2278 1520 2309 tractatum.

122 2340 262 2375 Omnes
298 2352 336 2375 se
361 2339 470 2377 facile
500 2353 676 2392 superare
708 2343 744 2376 in
771 2341 843 2376 hoc
864 2346 1079 2387 argumento
1104 2345 1217 2387 poeta
1236 2337 1311 2378 ait,
1348 2333 1518 2386 quando·

121 2400 275 2453 quidem
301 2415 409 2437 nemo
434 2402 645 2439 adhucdum
668 2415 733 2453 par
758 2401 911 2438 Caesari
933 2401 1134 2443 exstiterit,
1172 2397 1296 2441 (unde
1319 2394 1523 2440 significan-

122 2471 178 2500 ter
213 2462 412 2499 admodum
441 2464 589 2511 egregii
609 2479 643 2502 v.
666 2466 730 2509 4·)
755 2466 857 2510 cuius
880 2462 980 2499 facta
1006 2473 1230 2514 quemqnam
1255 2468 1330 2495 tam
1352 2457 1523 2495 sublimi·

123 2541 183 2563 um
219 2528 510 2577 phantasmatum
543 2540 718 2577 capacem
745 2526 902 2562 reddere
939 2526 1149 2575 potuerint3
1187 2524 1337 2572 egregie
1357 2532 1521 2571 prorsus.

126 2589 205 2626 Jam
233 2590 318 2626 vide
337 2614 347 2631 ,
383 2602 456 2640 quo
478 2589 587 2625 modo
610 2598 727 2626 toturn
750 2589 870 2625 locum
891 2589 1103 2637 deprimant
1125 2588 1245 2636 intpp.

220 2663 256 2687 v.
286 2657 315 2690 8.
356 2649 515 2698 Egregie
540 2654 612 2699 jam
638 2655 806 2688 mentem
833 2660 974 2694 novam
986 2660 1090 2694 auam
1116 2654 1370 2698 repraesentat
1393 2650 1521 2694 poeta·
