1689 3086
579 202 636 212 ...
726 181 810 230 415
905 203 961 213 ..-

412 291 953 345 ARGUMENTUM
984 298 1141 346 XIII.

521 439 1016 458 *mmmmm

80 551 276 648 Ouum
319 581 474 639 Lyce
513 580 776 641 quaedam
799 612 812 635 ‚
863 597 999 641 quae
1036 590 1310 631 amatores
1342 601 1470 635 suos

73 649 205 692 olim
249 647 533 692 admodum
574 648 810 703 superbe
839 648 1146 704 habuisset,
1199 659 1380 697 aetate
1409 657 1470 699 in

71 714 279 757 senium
309 717 569 772 vergente
597 711 744 755 ultro
757 711 907 770 jam,
933 715 1178 769 deposita
1199 734 1469 778 arrogan-

75 780 188 832 tia,
230 777 505 837 juvenum
542 791 754 821 amores
791 783 1096 834 expeteret,
1141 786 1470 837 puellarem-

74 858 171 901 que
202 844 597 900 procacitatem
635 859 697 887 ac
731 842 1021 886 lasciviam
1059 845 1116 884 in
1145 860 1350 893 summa
1388 851 1471 893 de-

72 904 364 965 formitate
408 908 553 953 anili
580 915 713 964 ρναε
748 921 802 951 se
828 904 1046 965 ferret;
1094 910 1385 965 Horatius,
1422 923 1470 960 et

76 975 248 1031 ipsius
278 975 361 1017 rei
385 971 700 1033 foeditate,
737 973 793 1015 in
822 987 927 1031 qua
951 971 1231 1020 admodum
1259 978 1292 1020 d
1310 975 1475 1039 iffi-

76 1039 220 1082 cile
274 1045 402 1088 est,
448 1039 799 1095 Saty-ram
848 1052 980 1079 non
1016 1040 1368 1097 scribere,
1418 1053 1473 1091 et

76 1118 203 1147 vero
244 1104 518 1156 maxime,
586 1102 726 1160 quod
772 1103 886 1159 ipse
928 1103 1195 1160 quondam
1224 1104 1473 1165 fastidia

75 1167 196 1227 ejus
233 1175 495 1226 expertus
534 1174 671 1210 esset
708 1165 824 1226 (cf.
854 1168 962 1211 III.
999 1175 1140 1220 lm),
1175 1173 1473 1221 ulciscendi

72 1232 252 1277 studio
287 1240 582 1278 commotus
609 1239 772 1292 atque
816 1235 1066 1277 incensus
1093 1236 1363 1293 improbos
1391 1243 1474 1286 la-

74 1299 257 1342 scivae
296 1297 468 1358 hujus
506 1298 723 1342 vetulae
762 1314 937 1342 mores
978 1299 1077 1343 lzoc
1118 1304 1359 1348 carmine
1388 1308 1474 1353 ita

77 1364 312 1421 depexos
336 1365 430 1409 dat
449 1395 462 1417 ⁷
500 1371 558 1407 ut
589 1365 912 1419 primarium
943 1367 1159 1410 omnino
1184 1368 1329 1413 illud
1354 1370 1472 1432 ejas

76 1430 295 1489 generis
344 1429 649 1487 exemplum
691 1430 885 1473 baberi
920 1430 1122 1474 debeat.
1191 1435 1338 1479 Adeo
1368 1454 1473 1483 om..

78 1509 174 1537 nes
202 1495 413 1538 colores
445 1495 608 1537 tincti
630 1492 925 1553 suntfelle
949 1496 1077 1552 plus
1106 1513 1263 1556 quam
1290 1504 1473 1547 Archi-

81 1559 301 1604 lochio!
351 1562 520 1618 Quam
566 1561 969 1603 amarulentum
1009 1564 1198 1607 statim
1236 1566 1293 1608 in
1326 1582 1472 1613 eaeor⁴

79 1626 169 1669 dio
196 1631 387 1679 poetae
416 1624 682 1685 gaudium
709 1642 741 1669 a
779 1626 963 1677 ches
1000 1623 1349 1685 deformitate
1381 1649 1474 1691 pa.

82 1693 223 1734 riter
261 1696 424 1749 atque
457 1690 756 1748 impudenti
788 1690 1051 1741 lascivia,
1090 1708 1226 1752 quae
1263 1697 1312 1739 ei
1346 1699 1472 1745 olim

18 1786 21 1789 -
80 1758 382 1813 imprecata
414 1762 578 1806 esset,
620 1761 672 1797 et
697 1763 923 1814 propter
945 1757 1222 1817 quaejam
1249 1771 1472 1810 contem-

76 1823 162 1879 tui
178 1821 737 1881 risuiquejuvenibus
758 1828 914 1870 esset,
943 1830 1253 1880 conceptum
1272 1827 1290 1868 .'
1314 1846 1471 1887 quam

76 1889 275 1930 acerba
291 1893 413 1944 post
439 1888 727 1932 laudatam
757 1884 1205 1945 Clziaefloridam
1230 1895 1473 1950 pulchri·

79 1953 322 1996 tudinem
353 1953 713 2011 turpitudinis
741 1953 917 2006 istius,
944 1968 1043 2011 per
1066 1962 1255 2011 partes
1280 1974 1471 2018 expen-

77 2032 203 2070 sae,
257 2019 476 2072 irrisio,
511 2017 912 2076 pristinaeque,
959 2017 1121 2078 cujus
1146 2023 1359 2068 nullum
1393 2042 1471 2070 su-

79 2085 253 2142 persit
291 2086 606 2145 vestigium,
640 2078 869 2141 formae
912 2085 1260 2130 recordatio!
1313 2091 1471 2135 Illud

81 2149 334 2206 denique,
379 2150 517 2208 quod
542 2150 697 2206 Lyce
728 2164 836 2191 non
873 2154 982 2192 tam
1014 2154 1277 2208 propitiis
1308 2171 1466 2214 quam

82 2215 248 2257 iratis
288 2215 596 2258 numinibus
636 2220 883 2270 protecta
920 2214 1022 2258 lzac
1054 2217 1176 2262 sola
1213 2219 1275 2262 de
1303 2236 1470 2266 causa

83 2280 155 2324 ad
181 2285 480 2325 extremam
503 2285 828 2324 senectutem
852 2283 1138 2337 perveniat
1158 2315 1171 2337 ‚
1213 2291 1269 2328 ut
1299 2287 1471 2330 riden-

83 2345 206 2388 dam
239 2360 392 2388 suam
431 2348 691 2404 praebeat
712 2345 1022 2404 juvenibus
1064 2349 1266 2393 anilem
1292 2351 1470 2396 libidi-

80 2425 232 2464 nem,
281 2425 496 2469 ecquam
528 2411 598 2455 ad
638 2408 1066 2470 animifeminei
1096 2415 1468 2471 impotentiam

82 2477 282 2520 habere
316 2484 470 2534 putes
505 2475 856 2540 ffcaciam?
889 2478 1066 2536 Neque
1095 2494 1220 2524 vero
1250 2483 1349 2526 Izac
1382 2499 1468 2527 ar-

80 2543 329 2601 gumenti
355 2545 689 2587 tractatione
723 2539 1024 2602 inferiores
1048 2544 1326 2592 habendae
1340 2553 1469 2592 sunt

81 2607 445 2666 eloquutionis
466 2610 711 2666 poeticae
739 2611 969 2656 virtutes
986 2641 999 2662 ,
1036 2626 1070 2656 α
1097 2611 1365 2661 doctrina,
1389 2630 1470 2657 co-
