1737 3054
679 210 1025 245 ...ΩΙ-.-

162 318 260 383 Qui
282 317 485 380 perfidis
516 331 566 361 se
591 314 802 360 credidit
832 315 1056 365 hostibus
1072 336 1087 378 3

161 378 228 433 Et'
247 384 412 430 Marte
435 384 620 429 Poenos
646 390 870 443 proteret
897 385 1084 442 altero,

221 451 321 514 Qui
343 450 450 493 lora
471 448 710 492 restrictis
736 448 933 494 lacertis

288 514 451 561 Sensit
471 514 631 569 iners,
653 514 918 576 timuitque
940 522 1175 561 mortem.

148 648 263 702 Hic,
297 648 430 694 unde
467 649 617 691 vitam
645 653 891 702 sumeret,
926 645 1136 703 inscius,

146 714 323 759 Pacem
352 710 520 756 duello
542 713 758 757 miscuit.
828 713 869 757 O
898 711 1090 773 pudor!

214 779 255 823 O
281 795 460 841 magna
487 777 761 838 Carthago,
795 779 1049 840 probrosis

275 845 429 889 Altior
451 842 619 887 Italiae
643 844 799 889 ruinis
820 845 831 889 ἰ
853 836 893 863 ‘³‘

139 976 324 1020 Fertur
348 974 557 1036 pudicae
596 971 818 1035 conjugis
847 973 1069 1018 osculum
1087 1005 1102 1028 ‚

142 1041 421 1102 Parvosque
444 1046 583 1083 natos
602 1070 617 1094 ,
646 1046 702 1082 ut
738 1038 907 1100 capitis
943 1039 1144 1096 minor,

206 1104 276 1150 Ab
314 1120 362 1149 se
388 1105 685 1161 removisse,
724 1112 770 1150 et
802 1104 1000 1150 virilem

268 1170 465 1217 Torvus
498 1171 640 1216 humi
665 1170 888 1234 posuisse
925 1170 1144 1216 voltum:

135 1301 305 1347 Donec
338 1301 547 1346 labantIs
580 1301 784 1346 consilio
816 1308 980 1362 patres

136 1368 388 1414 Firmaret
412 1374 584 1412 auctor
612 1382 889 1425 numquam
913 1367 1032 1411 alias
1064 1367 1208 1420 dato,

205 1434 440 1494 Interque
475 1418 746 1478 moerentis
778 1433 963 1473 amicos

264 1496 507 1559 Egregius
543 1502 841 1556 properaret
879 1495 1029 1541 exsul.

132 1629 274 1688 Atqui
303 1626 515 1682 sciebat,
551 1642 676 1689 quae
710 1624 803 1671 sibi
833 1624 1077 1673 barbarus

132 1693 320 1738 Tortor
348 1700 577 1752 pararet:
607 1710 705 1748 non
742 1692 885 1737 aliter
910 1700 1078 1739 tamen

196 1759 421 1811 Dimovit
448 1757 683 1804 obstantis
719 1763 1025 1821 propinquos
1050 1792 1063 1816 ‚

260 1826 322 1869 Et
346 1825 591 1887 populum
627 1824 816 1871 reditus
845 1833 1156 1882 morantem,

132 1957 294 2017 Quam
314 1954 360 1999 si
398 1955 633 2002 clientum
667 1956 817 2019 longa
839 1961 1039 2019 negotia

132 2020 412 2081 Dijudicata
437 2022 525 2067 lite
554 2023 887 2084 relinqueret,

193 2086 427 2133 Tendens
464 2089 768 2133 Venafranos
793 2089 844 2135 in
880 2104 1055 2152 agros,

260 2159 347 2199 Aut
372 2155 820 2201 Lacedaemonium
855 2154 1154 2203 Tarentum.

628 2387 1018 2413 mmmmm

1482 450 1546 499 55

1463 1693 1525 1741 50

1460 2090 1524 2142 55
