1737 3054
678 159 735 170 -
823 149 909 181 210
996 160 1052 171 --

165 264 301 302 meque
322 250 593 297 aufugientem,
617 249 778 299 reliquos
799 252 967 288 leaenam
1001 250 1132 296 jaculis
1170 251 1457 289 confodiendam
1487 264 1558 303 op—

167 319 370 366 perientes.
395 315 470 350 Hos
500 317 610 363 igitur
632 315 780 351 leaenae
803 321 994 365 raptorem
1024 317 1196 368 sequenti
1211 316 1357 351 obstare
1379 320 1562 351 existima.

165 377 241 414 Sed
262 379 294 412 vi
323 380 415 411 viam
440 378 508 412 sibi
533 377 663 413 leaena
685 389 753 426 per
775 381 966 426 oppositas
980 378 1045 412 has
1066 381 1239 425 juvenum
1266 385 1459 414 venantum
1474 378 1566 422 (Soc-

163 437 282 486 λερούς
309 439 443 483 αι’ξηοιὶς
466 440 647 475 Homerus
658 452 808 489 quoque
823 443 1016 473 venatores
1029 439 1253 487 simpliciter
1267 443 1369 473 vocat
1382 438 1426 472 11.
1442 439 1565 480 726.)

165 506 330 536 catervas
354 500 479 543 faciet,
504 505 539 536 et
562 499 633 534 ibit
655 505 841 544 repetens,
865 504 1080 548 repetitum,
1105 506 1356 550 utrecuperet
1367 500 1562 545 insignem

163 562 297 604 forma,
320 561 523 597 formosum
549 562 760 599 Nearchum
783 574 900 596 snum.
925 561 1041 605 Sequi
1063 565 1216 611 proprie
1237 562 1413 608 debebat,
1441 569 1481 598 ut
1507 576 1564 599 re-

163 631 266 674 petat
289 629 409 673 raptos
432 636 517 658 suos
543 623 708 664 catulos;
733 622 815 665 sed,
841 627 953 658 missa
985 621 1178 668 allegoria,
1216 626 1426 661 Nearchum
1455 634 1567 674 poeta

163 687 315 735 posuit,
341 686 618 734 perspicuitatis
643 696 778 726 causa,
810 693 849 719 ut
875 683 925 720 II.
951 694 986 728 7.
1015 693 1069 725 15.
1095 692 1130 720 et
1154 684 1258 723 alibi.
1283 705 1328 712 -—-
1353 700 1384 729 7.
1409 687 1561 733 grande

163 753 372 788 certamen,
398 748 483 795 (per
506 743 776 794 adpositionem
799 745 892 782 haec
914 745 1030 781 verba
1062 747 1309 796 accipienda)
1339 762 1451 799 super
1488 762 1565 800 quo

164 807 377 853 (Nearcho)
401 805 540 852 grande
567 814 768 849 certarnen,
792 814 970 845 acerrima
982 823 1104 860 pugna
1126 815 1276 854 orietur,
1301 810 1567 855 decertabitur,

164 868 284 903 tibine
307 881 358 902 an
383 867 444 902 illi
477 868 662 918 (puellae)
681 871 876 907 Nearchus
925 872 1051 915 major
1078 873 1225 918 praeda
1261 873 1397 914 cedat,
1421 874 1540 918 magis
1559 900 1570 915 ,
1595 886 1598 892 ·

165 934 290 981 potius
314 929 452 981 praeda
472 944 501 965 s.
526 931 704 966 victoriae
726 934 935 982 praemium
961 932 1083 977 cedat,
1109 940 1189 968 uter
1214 939 1380 969 vestrum
1394 934 1570 969 Nearcho

163 995 214 1029 sit
242 995 437 1043 potiturus.
462 994 519 1027 lta
545 989 800 1029 difficiliorem
825 996 921 1030 hunc
943 993 1069 1029 locum
1093 995 1373 1044 expediendum
1399 1009 1481 1031 esse
1514 1010 1571 1031 ar·

167 1055 298 1095 bitror,
318 1056 391 1090 etsi
412 1054 556 1089 nemini
584 1059 704 1103 intpp.
733 1055 829 1089 hanc
853 1056 1036 1089 rationem
1062 1057 1100 1089 iu
1135 1063 1302 1090 mentem
1335 1062 1480 1092 venisse
1517 1061 1573 1090 xi-

171 1118 293 1152 deam.
321 1116 512 1151 Nearchus
540 1128 607 1164 per
631 1116 907 1164 adpositionem
932 1122 1126 1150 certamen
1153 1121 1318 1159 dicitur,
1355 1119 1390 1152 h.
1422 1117 1468 1153 de
1497 1129 1571 1168 quo

169 1186 347 1218 certatur,
371 1179 615 1211 usitatissima
644 1170 777 1225 poetis'
801 1176 978 1228 loquendi
1015 1184 1166 1214 ratione.
1216 1179 1415 1228 Adponam
1450 1190 1569 1214 unum

167 1239 361 1290 Euripidis
389 1239 516 1283 locum
541 1239 628 1273 satis
656 1238 902 1278 luculentum.
927 1240 1081 1288 Hippol-
1105 1250 1210 1281 1140.
1232 1241 1405 1285 νυμφίδιιι
1431 1240 1463 1275 δ’
1487 1238 1576 1275 ἁπό-

167 1306 265 1338 λωλε
286 1298 380 1346 λε’χη
403 1300 505 1345 φυγᾷ
520 1298 575 1343 σςξ,
609 1297 759 1347 λέκτρων
791 1297 938 1344 ἅμιλλα
974 1299 1130 1346 wopam
1168 1300 1231 1335 ubi
1263 1301 1358 1346 λε’χη
1393 1302 1566 1338 dicuntur

167 1359 316 1405 ἅμιλλα
337 1357 484 1406 κούραις,
506 1361 643 1403 lectus,
673 1360 912 1406 conjuginm,
941 1372 1056 1408 super
1088 1372 1161 1408 quo
1189 1359 1389 1396 certabant
1417 1364 1573 1410 puellae

162 1424 271 1458 inter
296 1435 347 1458 se.
375 1422 574 1473 Objectum
597 1423 707 1470 igitur
732 1418 965 1465 certaminis,
998 1427 1074 1460 sive
1107 1435 1167 1460 res
1195 1425 1264 1465 sit,
1289 1426 1566 1475 sivesspersona,

167 1494 360 1523 certamen
389 1484 556 1521 absolute
582 1485 739 1520 dictum.
790 1485 845 1520 Ita
869 1485 1027 1521 Virbius
1047 1485 1113 1523 Sil.
1140 1486 1187 1521 It.
1226 1486 1292 1520 IV.
1315 1488 1398 1530 390.
1431 1486 1573 1522 ultima

166 1548 304 1593 palma
332 1547 463 1589 dictus,
489 1549 553 1598 qui
569 1546 771 1582 vincendus
800 1552 924 1582 restat.
960 1545 1230 1596 Exemplorum
1263 1556 1405 1584 struem
1440 1562 1577 1598 conge·

167 1617 262 1645 stam
290 1609 375 1646 vide
397 1623 418 1645 a
439 1608 630 1660 Drakenb.
653 1609 702 1645 ad
722 1609 788 1644 Sil.
811 1608 916 1645 vlu.
939 1621 996 1654 34.
1017 1614 1053 1645 et
1074 1622 1094 1643 a
1137 1609 1234 1657 Rup.
1267 1610 1312 1646 ad
1348 1610 1507 1647 eundem
1536 1613 1566 1646 1.

165 1676 252 1716 439.
294 1671 415 1706 Etiam
460 1671 584 1705 Acron
628 1679 664 1704 et
713 1669 898 1719 Porphyr.
947 1684 1006 1704 vv.
1050 1683 1085 1712 7.
1137 1673 1173 1708 8.
1223 1669 1270 1705 ad
1307 1672 1567 1709 antecedentia

169 1740 316 1769 traxere
338 1733 407 1768 hac
431 1733 578 1778 adjecta
601 1730 744 1781 duplici
762 1730 973 1780 explicandi
1001 1736 1141 1767 ratione
1160 1745 1168 1766 :
1195 1731 1324 1774 „Cum
1347 1745 1413 1782 per
1430 1731 1578 1768 obstan-

174 1804 230 1833 tes
257 1796 430 1840 juvenum
456 1792 624 1830 catervas
650 1793 720 1828 ibit
743 1793 882 1841 grande
909 1802 1108 1835 certamen,
1134 1792 1252 1835 (haud
1272 1793 1387 1830 dubie
1409 1794 1482 1830 hoc
1496 1808 1579 1830 sen·

169 1873 234 1896 su:
272 1843 365 1894 inter
404 1860 559 1907 juvenes
601 1856 781 1890 acerrime
817 1854 1066 1904 pugnabitur,
1093 1866 1216 1903 pugna
1239 1857 1457 1903 gravissima
1481 1858 1579 1893 inter

168 1925 322 1970 juvenes
355 1920 452 1963 erit)
487 1925 663 1967 repetens
694 1916 927 1952 Nearchum:
953 1918 1045 1967 (quo
1066 1923 1252 1966 repetatur
1274 1918 1347 1961 N.‚
1380 1933 1453 1970 quo
1482 1918 1577 1968 diju-

170 1982 338 2022 dicetur,
365 1982 480 2016 utrius
505 1979 697 2016 Nearchus
719 1979 796 2024 sit)
821 1986 882 2014 aut
905 1977 1061 2014 obscura
1091 1977 1304 2015 elocutione
1329 1981 1365 2015 in
1389 1980 1575 2030 Pyrrhum

172 2052 365 2081 certamen
392 2049 445 2080 ire
468 2043 586 2087 dixit,
610 2043 648 2076 in
673 2041 895 2084 mulierem,
922 2039 1051 2087 (leget
1079 2045 1268 2076 certamen
1293 2043 1346 2077 ire
1383 2042 1481 2079 dixit
1502 2057 1579 2079 mu-

171 2106 326 2147 lierem,
364 2105 492 2142 deleto
523 2102 593 2149 in)
621 2115 716 2154 quae
756 2111 944 2138 certamen
968 2115 1051 2138 cum
1079 2113 1123 2136 ea
1145 2099 1235 2147 (leg.
1258 2113 1299 2137 eo
1323 2116 1378 2139 sc.
1401 2103 1578 2153 Pyrrho)

172 2167 346 2204 habitura
372 2175 493 2208 esset,
532 2166 686 2215 cupiens
717 2164 773 2199 illi
796 2165 942 2210 eripere
978 2163 1212 2205 Nearchum3
1237 2165 1356 2213 ipsam
1379 2169 1480 2203 enim
1506 2166 1580 2203 Le.

173 2244 303 2267 aenam
324 2228 465 2277 grande
481 2228 681 2264 'certamen
706 2226 847 2262 dixit.“
874 2225 1005 2261 Altero
1030 2227 1138 2273 igitur
1159 2225 1241 2262 loco
1275 2225 1426 2264 leaenae
1448 2227 1577 2270 verba,

172 2291 311 2341 grande
333 2299 519 2327 certamen
534 2317 544 2333 ,
573 2289 746 2339 adposita
770 2290 896 2325 Acron
921 2289 1088 2330 censuit3
1107 2287 1209 2340 quod
1229 2292 1297 2324 etsi
1314 2303 1389 2338 -per
1417 2304 1457 2326 se
1484 2295 1577 2326 satis

174 2353 373 2392 commode
397 2352 467 2388 fiat
495 2354 551 2396 (ut
575 2351 707 2388 leaena
729 2364 759 2386 s.
783 2350 910 2401 puella
932 2357 1104 2400 respectu
1138 2349 1273 2399 Pyrrhi
1296 2351 1435 2398 grande
1462 2359 1581 2388 certa-

174 2430 263 2452 men
289 2416 453 2458 dicatur,
479 2422 659 2465 quatenus
681 2412 846 2464 Pyrrhus
873 2426 1023 2460 gravem
1051 2425 1132 2448 eam
1157 2413 1410 2450 adversarium
1435 2412 1578 2450 habitu·

174 2490 236 2514 rus
259 2479 339 2519 sit.)
374 2477 452 2519 Ita,
479 2491 523 2512 ne
549 2481 583 2512 in
611 2477 844 2527 exquisitiori
859 2476 933 2511 hoe
952 2473 1128 2527 loquendi
1149 2474 1259 2510 modo
1285 2475 1499 2522 exemplum
1514 2474 1581 2511 de-

176 2540 380 2582 sideretur,
415 2538 546 2586 Tyllio
586 2539 746 2573 Gemino
777 2538 842 2572 IV.
868 2547 902 2579 5.
941 2535 1070 2582 (Anal.
1092 2538 1152 2573 Br.
1179 2537 1230 2574 II.
1255 2539 1371 2582 280.)
1398 2533 1581 2578 ὁκτερᾶεις

170 2595 276 2648 Ἐρως
299 2611 386 2638 cum
412 2599 574 2637 Hercule
601 2601 827 2638 commissus
852 2606 1001 2638 vocatur
1016 2593 1115 2634 ὄντως
1142 2597 1186 2634 εῖς
1207 2595 1312 2647 [saeptis
1328 2592 1442 2634 ἆθλος
1461 2609 1581 2645 gran-
