1737 3054
637 141 696 152 ..-
781 130 862 173 321
951 142 1009 153 ...-

123 235 240 274 Locus
260 235 367 272 class.
389 232 488 285 apud
508 231 606 268 Plin.
630 231 734 270 xm.
760 243 814 278 15·
839 233 900 271 Cf.
928 232 1084 270 Salmasi
1107 233 1156 269 ad
1182 234 1345 271 Tertull-
1360 232 1404 270 de
1421 234 1516 269 Pan.

124 313 163 347 p.
189 309 270 341 433.
292 297 442 334 Ciaeon.
462 295 509 331 de
531 293 689 329 Triclin.
714 309 750 344 p.
773 303 833 329 20.
863 303 899 329 et
925 298 1043 344 intpp.
1068 295 1240 342 adApul.
1270 298 1294 332 l.
1319 299 1343 332 l.
1368 309 1518 343 —pro-

118 373 169 406 pe
189 360 320 402 lacus,
358 358 477 394 lacum
511 353 726 397 Albanum3
760 361 821 407 qui
845 365 922 391 erat
952 357 986 390 in
1015 367 1162 393 nemore
1192 358 1348 396 Albano.
1387 361 1444 396 De
1473 375 1519 397 eo

122 422 210 457 Liv.
224 420 268 455 V.
291 430 346 464 15.
362 417 469 463 Virg.
495 420 590 455 Aen.
609 417 677 450 lx.
702 418 782 460 387.
806 417 860 452 De
886 425 1011 452 monte
1034 417 1176 452 Albano
1197 418 1327 453 Noster
1349 420 1443 469 Epp.
1466 420 1517 454 11.

125 494 158 519 ι.
181 491 237 524 27.
258 480 399 517 Villam
422 480 626 517 Maximum
652 479 689 512 in
718 491 760 513 ea
786 479 934 525 regione
961 478 1158 524 habuisse,
1185 491 1267 515 cum
1294 479 1435 516 scholl.
1462 494 1520 518 re-

122 552 180 579 ete
203 549 354 580 statuas.

221 615 256 640 v.
288 613 345 638 ‘21
381 601 469 637 Illic
501 604 660 638 maximo
684 608 816 638 numen
846 609 946 638 tuum
968 602 1106 639 bonore
1129 612 1396 656 prosequetur,
1424 616 1520 639 sum·

120 677 183 700 ma
217 655 399 710 religione
429 662 526 701 colet
562 665 756 700 Maximus.
806 665 922 700 Docte
957 665 1052 701 haec
1085 656 1313 716 specialibus
1342 666 1438 702 ideis
1461 678 1522 702 ex-

121 728 246 776 posita
269 740 288 760 a
309 731 431 771 poeta
460 742 504 754 -
530 725 684 768 Duces,
723 726 850 763 trahes
873 726 1050 772 naribus,
1072 728 1299 792 penetrabit
1310 740 1417 764 nares
1439 735 1521 764 tuas

117 787 313 832 plurimus
350 787 451 821 turis
472 790 612 825 incensi
640 788 756 832 odor,
785 789 939 824 multum
964 792 1054 826 turis
1072 778 1145 826 tihi
1172 780 1397 826 adolebitur.
1431 789 1522 826 Elo-

121 851 281 884 cationis
312 851 404 884 ratio
425 854 459 885 in
490 849 545 885 his
571 852 688 886 minus
708 850 858 902 quidem
877 859 1026 899 augusta
1042 877 1051 893 ,
1091 853 1138 887 ad
1162 855 1272 888 totius
1299 860 1423 888 tamen
1445 865 1524 888 car-

120 912 433 957 minisingenium
454 924 496 947 ac
520 912 681 947 habitum
698 914 787 947 §atis
802 912 1095 948 adcommodata.
1113 932 1159 940 —
1185 926 1243 951 αα.
1268 921 1326 954 28.
1350 913 1408 948 Ibi
1437 914 1526 950 cho-

126 985 187 1010 ros
224 983 427 1024 puerorum
460 983 503 1009 ac
528 975 705 1020 virginum
727 976 920 1016 instituet,
954 976 1108 1022 hymnos
1130 975 1177 1010 ad
1211 975 1313 1025 lyrae
1338 989 1381 1011 ac
1404 975 1522 1011 tibiae

121 1049 295 1072 numeros
332 1037 367 1070 in
401 1043 501 1069 tuum
540 1035 716 1069 honorem
754 1041 956 1070 cantantes.
992 1034 1124 1070 Paullo
1153 1036 1361 1072 diductiore
1392 1044 1525 1073 ornatu

121 1096 216 1133 haec
237 1104 360 1146 poeta.
387 1094 660 1138 Dela-tabere,
695 1095 844 1135 audiet,
879 1093 1077 1138 carmina,
1114 1108 1248 1140 sonos,
1286 1097 1415 1133 modos
1452 1100 1526 1142 (ut

121 1158 194 1197 111,
218 1169 268 1193 ιι.
290 1162 353 1200 7.)
378 1158 486 1203 {rrae
506 1169 550 1192 ac
571 1155 690 1191 tibiae
709 1160 932 1206 permixtos,
960 1165 1034 1190 non
1057 1157 1158 1202 sine,
1185 1170 1255 1194 una
1276 1159 1524 1205 curnfistula.

121 1220 178 1256 De
202 1220 286 1263 lyra
306 1233 350 1255 ac
377 1219 471 1254 tibia
496 1245 506 1260 ,
533 1220 588 1254 rei
618 1228 746 1253 sacrae
767 1216 947 1253 adhibitis
963 1241 974 1258 ,
1001 1220 1088 1253 satis
1108 1222 1277 1264 constat3
1305 1220 1378 1256 vid.
1405 1220 1438 1257 I.
1460 1220 1524 1260 36·

127 1289 182 1325 1.;
211 1280 359 1317 fistulae
389 1289 509 1316 autem
543 1278 628 1313 talis
653 1290 738 1313 usus
773 1279 810 1312 in
838 1290 1036 1314 monumm.
1069 1282 1229 1332 antiquis
1262 1283 1349 1317 satis
1377 1280 1524 1318 obvius.

122 1358 168 1368 -
186 1348 242 1382 25·
265 1342 377 1378 Chori
401 1340 608 1390 puellarum
630 1349 675 1374 ac
700 1346 900 1387 puerorum
926 1340 964 1373 in
991 1340 1164 1376 omnibus
1188 1341 1264 1378 fere
1285 1345 1399 1379 sacris
1419 1342 1526 1378 adhi-

123 1402 223 1446 biti;
252 1402 328 1437 vid.
354 1406 511 1449 Argum.
537 1400 658 1438 Catm.
676 1399 779 1436 Saec-
805 1400 886 1436 Hoc
901 1400 986 1437 loco
1010 1399 1067 1435 bis
1090 1403 1151 1437 die
1173 1404 1351 1445 laudant,
1378 1402 1524 1446 landes,

123 1465 279 1514 hymnos
305 1464 439 1500 Veneri
465 1472 623 1505 canunt,
666 1469 706 1498 ut
729 1465 765 1498 in
787 1465 904 1498 sacris
940 1462 1090 1504 Isiacis;
1129 1464 1174 1499 de
1200 1478 1269 1514 quo
1301 1464 1376 1501 vid.
1395 1465 1524 1513 Heyn.

122 1527 171 1562 ad
194 1525 338 1561 Tibull.
366 1525 397 1562 Ι.
421 1526 453 1561 3.
474 1537 532 1569 31.
553 1544 600 1552 —
618 1536 675 1565 27.
713 1523 806 1559 Cum
839 1524 1060 1568 saltatione,
1096 1526 1131 1559 b.
1168 1527 1219 1562 ita
1251 1534 1290 1562 ut
1324 1528 1457 1563 chorus
1476 1525 1528 1561 ad.

122 1597 244 1623 certos
262 1588 442 1623 carminis
467 1598 639 1621 numeros
660 1590 894 1628 moveretur,
920 1585 1108 1620 decantari
1135 1586 1268 1623 solitos
1287 1587 1402 1624 fuisse
1418 1589 1528 1638 hym-

123 1662 213 1692 nos,
250 1650 286 1683 in
310 1649 441 1696 vulgus
466 1654 605 1684 notum.
652 1646 723 1682 Pro
763 1647 911 1683 incessu
936 1646 984 1682 ad
1021 1661 1190 1685 numeros
1221 1655 1430 1700 composito
1467 1657 1529 1686 est

121 1715 303 1759 quatere,
338 1708 489 1761 pulsare
514 1710 699 1753 humum,
724 1717 761 1744 ut
785 1708 816 1745 I.
843 1710 875 1753 4.
902 1718 956 1745 10.
980 1718 1015 1745 et
1038 1712 1187 1760 saepius
1210 1711 1320 1747 alibi.
1353 1712 1422 1745 Ter
1448 1724 1526 1747 cer-

123 1778 180 1808 tos
204 1771 332 1807 modos
361 1774 395 1807 b.
421 1771 445 1806 l.
477 1772 673 1822 designare
698 1768 857 1807 videtur.
880 1787 926 1798 -—
948 1771 1111 1807 candido
1139 1772 1247 1809 docte
1277 1775 1429 1809 eborum
1452 1774 1527 1810 for.

125 1850 186 1872 ma
207 1838 390 1884 insignem
407 1837 538 1871 innuit.
561 1850 605 1862 —-
631 1836 677 1870 In
704 1845 849 1869 morem
877 1832 1053 1876 Salium,
1092 1841 1219 1877 ornat,
1257 1843 1296 1871 ut
1324 1835 1354 1871 Ι,
1379 1836 1439 1877 36.
1467 1842 1530 1871 led

223 1910 257 1933 v.
281 1909 325 1942 29
341 1916 387 1925 —·
409 1909 465 1941 32.
488 1897 556 1933 Me
581 1898 729 1949 quidem
755 1901 828 1948 jam
851 1898 984 1931 amoris
1007 1905 1215 1945 pertaesum
1236 1905 1305 1933 est.
1343 1897 1419 1932 Nec
1438 1908 1527 1944 spes

128 1968 201 1996 cet.
239 1975 285 1996 ne
314 1969 389 1995 tum
418 1957 599 2011 quidem,
644 1961 675 1994 si
703 1970 855 2008 sperare
888 1969 919 1992 s.
952 1956 1078 1993 induci
1104 1959 1272 2008 possim,
1306 1966 1345 1992 ut
1370 1958 1526 1993 credam

130 2022 309 2057 animum
345 2027 526 2058 mutuum
562 2021 660 2066 fore,
707 2035 764 2058 me
802 2020 1026 2058 redamatum
1063 2022 1123 2055 iri.
1169 2019 1338 2054 Animus
1366 2025 1528 2059 mutuus

124 2085 263 2122 eodem
289 2089 425 2120 amori·
463 2084 615 2120 adiectu
648 2085 823 2135 percitus.
857 2101 904 2110 -
937 2081 1112 2123 credula,
1150 2094 1245 2134 quae
1275 2080 1388 2118 facile
1424 2079 1527 2115 istud

124 2146 325 2197 persuadet
363 2148 519 2189 amanti,
549 2144 689 2186 fallax,
726 2157 808 2180 cum
834 2146 893 2183 vi;
929 2146 1025 2178 inest
1052 2146 1154 2178 enirn
1186 2145 1297 2186 ratio,
1335 2154 1402 2176 cur
1426 2154 1528 2178 amo-

124 2214 175 2244 tis
201 2212 317 2244 omnis
331 2217 478 2258 poetam
499 2208 658 2244 taedeat.
675 2217 790 2250 —31.
821 2207 900 2241 Nec
921 2207 1112 2241 comissari
1134 2208 1247 2254 juvat,
1274 2205 1443 2241 Suaviter
1455 2204 1532 2246 hoc,

123 2279 279 2318 propter
312 2284 345 2304 v.
373 2278 428 2305 ιι.
465 2277 501 2306 et
521 2269 620 2321 quorl
644 2270 928 2304 comissationes
952 2267 997 2302 acl
1026 2266 1229 2315 juvenilem
1252 2271 1390 2303 amoris
1415 2267 1524 2303 lasci-

125 2333 225 2366 viam
245 2332 488 2379 pertinerent.
525 2330 726 2381 Speciatim
752 2338 877 2365 autem
903 2328 995 2364 illud
1021 2338 1131 2379 poeta
1159 2326 1203 2371 τῷ
1223 2334 1370 2364 certare
1391 2341 1520 2371 mero„

124 2391 290 2429 bibendo
313 2391 427 2434 (vid.
447 2393 493 2427 ad
516 2392 546 2430 I.
565 2394 625 2435 36.
648 2393 738 2435 40.)
763 2391 800 2425 h.
837 2389 1016 2427 liberiore
1054 2395 1329 2440 compotatione
1358 2400 1392 2426 et
1421 2404 1526 2426 coro-

124 2456 183 2490 nis
213 2454 470 2490 convivalibus
503 2458 601 2506 (pro
624 2469 694 2508 quo
732 2464 815 2498 est,
848 2454 1013 2495 vincire,
1055 2453 1259 2499 redimire,
1287 2452 1523 2504 circumdare

127 2514 477 2564 temporaflorlbus
502 2516 632 2563 novis,
660 2515 902 2560 recentibus)
931 2515 1077 2553 extulit·

199 2579 261 2623 II·
300 2580 440 2628 Ἑαηδ.
1208 2578 1259 2623 Χ
