1689 3086
734 154 1103 207 ..450-

226 267 324 314 Sed
350 275 431 322 ut,
469 266 740 314 secundum
769 277 879 315 vota
903 269 1228 328 Parthorum,
1265 289 1353 320 sua

283 335 411 378 Urbs
443 334 560 379 haec
586 341 774 394 periret
803 329 1019 381 dextera.

212 398 384 461 Neque
407 400 485 444 hic
521 400 651 461 lupis
679 416 785 445 mos
806 433 819 454 ‚
854 417 943 444 nec
974 402 1068 446 fuit
1095 403 1352 462 leonibus,

279 464 543 527 Nunquam
572 466 662 511 nisi
690 471 742 509 in
771 465 971 527 dispar,
1008 467 1142 517 feris.

213 530 441 576 Furorne
468 548 671 586 caccus,
707 548 767 575 an
800 532 929 591 rapit
950 535 1019 575 vis
1057 534 1261 581 acrior?

276 602 346 640 An
373 597 555 657 culpa?
591 612 885 656 responsum
922 594 1136 641 date.—

210 662 427 717 Tacent3
467 666 513 705 et
538 677 623 704 ora
659 659 820 720 pallor
850 659 987 704 albus
1015 660 1199 719 inficit,

277 729 566 785 Mentesque
594 725 848 786 perculsae
875 732 1091 783 stupent.

211 792 289 836 Sic
316 797 415 835 est:
450 791 627 834 acerba
663 791 760 834 sata
790 792 1036 835 Romanos
1075 798 1260 854 agunt,

279 855 543 916 Scelusque
571 855 817 901 fraternae
846 856 1007 900 necis:

210 923 275 967 Ut
312 922 617 965 immerentis
643 920 781 966 fluxit
805 925 854 965 in
890 928 1080 966 terram
1112 921 1253 967 Remi

276 986 424 1032 Sacer
459 987 723 1046 nepotibus
752 1002 916 1031 cruor.

676 1096 836 1121 mm
840 1096 1152 1122 mmmm

834 1241 970 1285 VIII.

709 1368 1102 1404 mmmmm

203 1473 459 1586 Rogare
491 1523 643 1585 longo
668 1523 897 1586 putidam
924 1530 971 1569 te
1002 1522 1199 1579 seculo,

272 1591 415 1635 Vires
447 1590 566 1651 quid
597 1597 798 1635 enervet
832 1589 1001 1633 meas!

203 1658 369 1718 Quum
410 1656 471 1700 sit
500 1656 588 1699 tibi
621 1655 740 1709 dens
769 1662 905 1709 ater,
941 1661 990 1698 et
1026 1659 1159 1715 rugis
1187 1663 1325 1701 vetus

270 1722 509 1765 Frontem
540 1729 766 1765 senectus
806 1727 998 1775 exaret5

202 1787 412 1848 Hietque
442 1786 601 1844 turpis
632 1791 760 1831 inter
795 1785 955 1829 aridas
984 1791 1120 1829 nates

270 1854 459 1904 Podex,
497 1851 632 1896 velut
660 1850 841 1896 crudae
872 1850 1032 1894 bovis.

207 1919 303 1963 Sed
330 1917 502 1962 incitat
534 1933 613 1960 me
650 1923 852 1976 pectus,
888 1922 938 1960 et
976 1932 1225 1963 mammae
1251 1928 1446 1978 putres,

269 1983 462 2045 Equina
495 1982 662 2043 quales
701 1982 884 2040 ubera3

202 2054 491 2110 Venterque
520 2048 716 2102 mollis,
755 2056 803 2093 et
830 2048 996 2093 femur
1026 2048 1335 2095 tumentibus

269 2115 407 2159 Exile
436 2118 562 2158 suris
591 2114 833 2161 additum.

206 2182 330 2228 Esto
356 2182 496 2225 beata
517 2212 530 2233 ‚
567 2179 715 2225 sunus
745 2188 891 2241 atque
916 2186 1155 2245 imagines

271 2249 468 2291 Ducant
504 2245 859 2305 Triumphales
889 2254 1059 2305 tuum3

202 2311 303 2357 Nec
331 2314 390 2356 sit
424 2316 632 2365 marita,
667 2322 790 2373 quae
822 2311 1199 2359 rotundioribus

271 2379 457 2422 Onusta
490 2377 654 2422 baccis
688 2378 936 2436 ambulet3

206 2443 338 2506 Quid
357 2444 380 2487 P
414 2443 547 2505 quod
573 2443 725 2489 libelli
762 2445 910 2490 Stoici
939 2446 1071 2490 inter
1097 2448 1279 2490 sericos

271 2511 441 2554 Jacere
474 2509 701 2570 pulvillos
737 2518 934 2554 amant:

209 2575 416 2620 lliterati
447 2592 566 2619 num
594 2576 758 2620 minus
788 2576 927 2621 nervi
960 2581 1120 2636 rigent
1141 2572 1168 2619 ἶ)

271 2640 501 2687 Minusve
527 2640 725 2702 languet
754 2642 994 2687 fascinum
1012 2641 1038 2687 ἰ)

1556 353 1671 406 10]

1554 663 1656 712 157

1551 1007 1612 1038 2⁰

1539 2133 1599 2163 1ss

1541 2439 1600 2488 15
