1689 3086
719 170 1092 222 -534-

211 289 352 351 petit
375 288 472 332 hoc
502 284 771 334 carmine,
809 285 953 343 apud
978 300 1157 329 omnes
1179 284 1343 331 bonos
1359 284 1601 346 infamia

211 358 494 407 laborasse
524 352 781 398 credibile
812 359 916 405 est,
965 357 1023 394 ut
1061 353 1274 396 omnino
1301 354 1601 412 legentium

207 419 477 484 fastidio,
515 419 759 464 tacendis
788 419 879 470 iis,
915 425 1074 476 poeta
1105 419 1443 463 consuluisse
1469 420 1605 462 vide-

218 489 270 533 ri
302 487 510 531 debeat.
562 487 706 547 Quae
743 483 950 544 quidem
989 486 1091 527 etsi
1127 500 1223 527 nos
1249 487 1415 543 plane
1439 482 1605 545 fugi-

216 561 343 605 ant,
388 552 534 598 haud
560 549 871 615 dff'czzlter
895 556 1072 593 tamen
1105 566 1197 593 eas
1224 566 1248 593 e
1289 567 1441 595 versu
1484 551 1604 593 Vir-

214 621 350 680 gilii
385 619 537 668 (ΕΟΖ.
555 617 662 660 ΙΙΙ.
683 629 759 673 90.
792 617 877 678 Qu
897 616 916 656 i
955 614 1238 659 Bavium
1277 634 1309 659 η
1329 633 1403 660 οη
1441 633 1467 659 ο
1488 615 1605 667 dit,

215 691 393 731 amet
445 690 566 726 tua
615 681 972 729 carmina,
1035 678 1306 730 Maeui)
1357 681 1607 739 expediri

211 765 366 810 posse
385 750 646 793 arbitror.
681 746 749 789 In
767 761 867 804 quo
894 760 1051 803 quum
1073 737 1444 805 inficetissimi
1462 753 1608 791 aeta·

215 819 286 863 tis
323 816 482 858 istius
507 817 697 870 poetae
728 806 1120 870 notamferat,
1171 812 1266 854 isti
1302 818 1481 856 autem
1519 814 1609 855 ho-

212 883 386 929 mines
416 894 524 921 non
542 877 714 922 solum
730 873 1201 936 jactantiusfere
1229 877 1612 939 arrogantius-

214 961 313 1007 que
338 945 571 988 induant
605 945 887 1002 ingenium
927 943 1103 1000 (quod
1130 945 1304 1001 ipsum
1321 943 1452 1005 jam
1484 944 1609 988 boni

213 1010 481 1071 cujusque
504 1006 838 1054 stomachum
876 1013 1151 1061 moveat),
1188 1009 1282 1051 sed
1318 1012 1509 1063 etiam,
1552 1014 1612 1052 ut

216 1076 490 1134 insipidae
515 1076 728 1119 scilicet
763 1075 913 1132 plebi
948 1089 1137 1131 sapere
1168 1077 1492 1128 videantur,
1527 1077 1613 1119 bo-

217 1159 411 1188 norum
451 1143 798 1202 ingeniorum
824 1137 1048 1200 famam
1089 1141 1386 1200 bonamque
1423 1143 1611 1186 existi-

215 1209 510 1258 mationem
560 1207 820 1251 arrodere
862 1207 1113 1261 soleant5
1162 1213 1306 1250 recte
1343 1209 1478 1252 mihi
1509 1207 1614 1252 eol-

215 1275 393 1334 ligere
423 1272 642 1324 videor,
690 1272 967 1315 Maeuium
1000 1287 1108 1313 non
1138 1274 1313 1317 solum
1343 1274 1614 1318 insulsum

214 1331 650 1400 versificatorem
668 1338 762 1382 sed
787 1338 1254 1393 praestantiorum
1280 1354 1482 1398 quoque
1495 1354 1614 1396 poe-

213 1413 428 1460 tarum,
466 1404 715 1466 Virgilii,
748 1403 968 1447 Horatii
996 1409 1045 1445 et
1077 1404 1313 1447 aliorum
1346 1407 1615 1449 obtrecta-

216 1479 386 1517 torem
421 1467 611 1530 fuisse
649 1470 971 1519 acerrimum
997 1498 1009 1518 ‚
1073 1468 1290 1531 ideoque
1336 1485 1368 1513 a
1409 1473 1610 1515 Nostro

215 1539 316 1581 lzoc
344 1538 585 1587 carmine
618 1538 810 1581 misere
855 1535 1118 1578 habitum.
1182 1536 1250 1580 Ut
1288 1536 1427 1580 enim
1456 1538 1616 1580 bono-

217 1619 336 1648 rum
371 1604 603 1648 omnium
629 1604 798 1646 risum
832 1605 1102 1658 captaret,
1134 1603 1354 1662 trag-ica
1377 1604 1611 1661 quadam

216 1669 504 1728 gravitate
536 1670 612 1719 ei,
665 1662 1112 1726 peregre,forte
1139 1669 1409 1721 Athenas,
1449 1671 1613 1720 ituro,

217 1730 588 1794 naufragium
611 1767 622 1786 ‚
674 1738 999 1789 mortemque
1026 1733 1385 1779 miserrimam
1425 1735 1616 1791 impre-

217 1805 380 1843 catur
400 1829 412 1849 ‚
465 1799 930 1856 lautissimumque
961 1827 974 1846 ,
1035 1798 1082 1840 si
1123 1814 1338 1855 precum
1389 1815 1612 1844 suarum

217 1864 489 1909 rationem
543 1865 832 1908 habiturae
894 1868 1069 1905 essent
1100 1893 1113 1915 ,
1180 1864 1615 1923 Tempestatibus

218 1921 561 1989 sacrificium
591 1935 764 1973 vovet.
814 1931 986 1985 Atque
1013 1928 1109 1974 hoc
1142 1930 1336 1986 ipsum‚·
1365 1946 1429 1973 ne
1461 1931 1618 1973 inhu-

219 2011 437 2040 manum
475 2003 662 2053 poetae
695 2000 880 2051 pectus
906 1993 1145 2045 incuses,
1191 2003 1414 2053 praeter
1453 1998 1618 2046 inces-

218 2077 333 2105 sum
362 2063 534 2106 totius
564 2061 856 2110 carminis,
894 2059 1104 2103 abunde
1129 2063 1473 2117 comprobat,
1510 2063 1616 2105 No-

218 2132 391 2171 strum
429 2127 614 2171 ludum
648 2127 833 2183 potius
866 2125 1145 2169 Maeuium
1187 2127 1319 2171 clare
1352 2128 1616 2179 voluisse,

219 2208 379 2252 quam
412 2208 567 2237 veros
596 2193 768 2236 animi
794 2205 984 2236 sensus
1006 2192 1318 2248 protulisse.
1374 2196 1613 2238 Ceterum

220 2259 601 2309 acerbitatem,
638 2273 744 2316 qua
771 2259 1073 2301 sententiae
1101 2260 1307 2303 tinctae
1334 2266 1480 2313 sunt,
1515 2266 1616 2303 ter-

219 2325 481 2375 ribilium,
498 2325 714 2368 Maeuio
731 2322 1163 2380 impendentium,
1179 2326 1456 2382 adparatu
1472 2324 1617 2373 haud

219 2404 414 2448 parum
445 2389 697 2449 adjutam
713 2387 902 2448 facile
928 2390 1162 2443 sentias,
1201 2407 1518 2451 quamquam
1557 2392 1614 2433 in

220 2455 320 2500 hoc
337 2456 526 2511 paullo
554 2457 932 2502 luxuriarztius
943 2461 1133 2515 poetae
1151 2458 1429 2519 ingenium
1449 2457 1614 2505 anim-

219 2518 494 2570 advertas.
