1737 3054
735 215 1107 263 -276—

226 322 408 359 radicitus
448 323 612 362 evulsas.
641 341 689 353 —
714 330 848 371 raptas
869 326 1053 362 volventis
1070 352 1081 370 ,
1119 330 1298 379 reptantis
1322 335 1432 382 atque
1459 342 1537 366 una
1556 332 1633 366 vol-

228 385 372 427 ventis,
414 396 543 422 secum
568 387 824 437 provolventis
840 415 851 431 ,
890 389 1163 440 proturbantis.
1191 393 1251 429 33.
1277 404 1355 427 non
1377 392 1461 427 sine
1484 404 1538 426 m.
1560 394 1634 429 cla-

229 460 357 490 more,
389 459 477 483 cum
513 451 650 496 ingenti
676 451 855 485 montium
894 452 1056 498 fragore.
1088 451 1159 489 Sil.
1186 453 1252 487 lv.
1278 460 1358 494 521.
1385 456 1479 487 Cum
1506 454 1646 489 sonitu⁴

229 509 309 543 ruit
328 509 367 542 in
394 521 549 557 campos
563 538 572 554 ,
612 512 1010 560 magnoquefragore
1030 513 1207 548 avulsum
1224 515 1368 550 montis
1390 516 1506 551 volvit
1529 517 1632 551 latus

227 570 337 605 obvia
365 571 514 608 nussim
545 578 743 614 armenta,
766 574 1032 618 immanesque
1050 575 1165 622 serae
1190 575 1386 623 silvaeque
1413 578 1637 612 trahuntur-

232 634 410 674 Clamor,
435 634 524 677 βοὴ,
561 634 606 669 de
632 636 779 676 sonitu,
810 637 945 684 passim
962 643 1112 684 poetae.
1133 654 1178 664 —
1201 637 1259 682 40.
1284 639 1406 684 Quum
1417 642 1514 688 fera
1538 639 1636 674 dilu-

226 695 320 738 vies,
346 694 502 730 Tiberis
524 696 735 731 immaniter
757 695 958 738 exundans,
984 707 1137 741 amnes,
1163 700 1226 748 qui
1250 709 1333 735 eum
1362 700 1517 737 influunt
1548 704 1638 752 (pu-

231 766 269 792 ta
297 759 504 797 Anienem,
543 754 742 796 Clanium,
780 755 880 798 Nar,
916 756 1061 801 alios),
1099 758 1248 804 quietos
1271 759 1428 802 irritat,
1465 776 1485 797 e
1510 765 1634 812 quiete

231 831 295 854 sua
314 817 529 867 proturbat,
555 815 688 852 eodem
711 815 837 852 surore
861 818 1059 863 accendit,
1094 826 1160 862 ut,
1184 820 1333 856 alveum
1356 824 1521 869 egressi,
1560 822 1636 859 late

232 889 388 926 campos
411 878 661 927 populentur·,
691 876 795 929 quod
816 878 950 915 Tiberi
964 878 1107 916 tumido
1123 906 1134 923 ,
1159 880 1321 933 indeque
1346 881 1497 917 flumina
1513 909 1523 926 ,
1543 894 1638 934 quae

231 950 315 976 sese
335 941 372 974 ἰη
397 952 482 975 eum
505 951 705 974 exonerare
725 940 869 983 solent,
905 949 1149 990 aspernante,
1192 941 1365 977 accidere
1392 954 1545 979 necesse
1571 952 1641 979 est.

230 1001 328 1036 Rem
349 1001 501 1050 expedit
526 1001 623 1035 Plin.
648 1000 750 1050 Epp.
776 1001 884 1036 VIII.
915 1011 972 1042 17.
1003 999 1146 1036 Tiberis
1163 1003 1314 1037 alveum
1345 1001 1574 1037 excessit—
1595 1021 1642 1035 ,-

231 1062 353 1109 Inde,
392 1075 487 1108 quae
519 1061 616 1097 solet
630 1060 810 1110 flumina
833 1061 1023 1107 accipere,
1059 1066 1098 1094 et
1115 1064 1324 1106 permixta
1349 1062 1554 1106 devehere,
1583 1073 1643 1096 ve-

235 1124 294 1157 lut
320 1123 451 1158 obvius
485 1124 618 1157 sistere
654 1123 786 1170 cogit,
823 1129 939 1170 atque
964 1122 1022 1157 ita
1055 1123 1194 1158 alienis
1215 1125 1326 1172 aquis
1346 1125 1471 1168 operit
1490 1132 1640 1172 agros,

239 1197 338 1233 quos
363 1187 443 1230 ipse
463 1196 540 1220 non
561 1185 714 1230 tangit,
752 1184 837 1222 vide
858 1185 1001 1237 reliqua
1020 1211 1030 1227 ,
1070 1198 1164 1236 quae
1201 1186 1250 1222 de
1273 1189 1418 1221 Aniene
1441 1185 1644 1235 subjungit,

236 1249 332 1292 Ira,
356 1250 504 1298 furor,
541 1247 587 1283 de
613 1252 778 1282 amnium
817 1249 1083 1290 incrementis,
1118 1251 1284 1299 marique
1309 1246 1472 1290 tumido,
1500 1247 1649 1297 pervul-

237 1312 478 1360 gatissimum.
521 1310 716 1347 Praeclare
748 1322 832 1347 vero
861 1311 1024 1345 invicem
1045 1309 1230 1346 collocata
1256 1308 1409 1356 quietos
1434 1315 1470 1346 et
1495 1310 1642 1345 irritat.

338 1384 370 1406 v.
395 1383 452 1414 41.
474 1373 549 1407 Ille
573 1373 726 1410 demum
750 1373 813 1407 sui
837 1378 978 1418 potens
995 1398 1006 1415 ,
1032 1369 1184 1415 κρατῶν,
1222 1371 1384 1413 εγκρατγῖς
1410 1369 1550 1411 ἑαυτοῦ,
1583 1372 1646 1404 sui

238 1445 459 1478 possessor,
502 1435 569 1480 (ut
598 1434 731 1471 Senec.
755 1449 815 1485 ep.
838 1434 923 1470 XII.
957 1436 1084 1478 vocat)
1111 1433 1158 1469 ab
1176 1438 1275 1470 omni
1303 1431 1510 1483 cupiditate
1533 1440 1644 1482 atque

241 1496 391 1532 adfectu
412 1494 532 1540 liber,
566 1497 628 1548 qui
659 1510 731 1532 non
759 1494 870 1531 rebus
892 1495 1057 1532 externis
1081 1521 1091 1537 ,
1127 1506 1285 1545 quarum
1309 1493 1464 1530 domina
1487 1492 1649 1528 Fortuna

241 1566 325 1600 est,
363 1557 542 1602 ducatur,
581 1558 646 1594 sed
674 1564 710 1593 in
738 1570 778 1595 se
807 1560 885 1609 ipso
921 1557 1116 1593 felicitatis
1156 1570 1282 1594 causas
1316 1555 1481 1599 habeat,
1514 1557 1647 1607 sicque
1707 1581 1713 1586 -

241 1620 390 1662 laetus,
426 1620 547 1661 laete,
585 1619 764 1668 placide,
802 1619 1001 1665 tranquille
1035 1619 1172 1665 deget,
1215 1621 1344 1655 beatus
1372 1617 1554 1654 dicendus
1574 1625 1652 1659 est.

241 1683 308 1716 cui
328 1694 413 1718 vere
436 1681 523 1716 licet
547 1680 588 1714 in
608 1680 712 1714 diem
736 1679 908 1724 dixisse,
943 1682 1073 1732 quovis
1100 1679 1162 1715 ‹lie
1189 1679 1335 1716 dicere:
1369 1678 1496 1723 Vixi,
1523 1680 1558 1714 h.
1585 1680 1650 1715 ho-

242 1744 441 1784 diernum,
476 1756 503 1778 s.
543 1753 748 1789 praesens,
782 1742 882 1792 quod
914 1742 1011 1776 mihi
1045 1740 1169 1776 datum
1197 1750 1277 1785 est,
1310 1748 1452 1792 tempus
1478 1740 1647 1776 hilaritet

242 1815 353 1856 atque
389 1817 516 1841 secure
538 1805 729 1849 transegi,
766 1804 866 1840 nulla
901 1803 1015 1840 futuri
1050 1803 1306 1839 sollicitudine
1332 1804 1369 1838 in
1397 1805 1562 1838 animum
1587 1803 1649 1838 ad-

242 1868 391 1913 missa„
416 1879 534 1917 neque
561 1867 661 1901 vitae
696 1864 820 1900 fructu
845 1866 883 1899 in
907 1866 1105 1899 crastinum
1130 1863 1259 1899 dilato.
1303 1865 1357 1899 Ea
1376 1865 1475 1900 enim
1497 1862 1650 1903 demum

243 1928 326 1962 vita
360 1925 587 1976 adpellanda
616 1934 695 1968 est,
742 1938 835 1977 quae
871 1925 1072 1972 jucundum
1095 1927 1152 1961 sui
1177 1924 1336 1961 fructum
1360 1925 1539 1972 largitur:
1574 1926 1649 1966 βίος

244 1989 352 2029 ἐστὶν,
385 1982 422 2022 ἄν
444 2000 492 2022 τις
518 1990 562 2032 τῷ
582 1989 645 2032 βίῳ
672 1992 780 2032 χαίρῃ
803 1982 984 2029 βιῶνφίή
1001 1985 1160 2022 Brunkii
1176 1990 1312 2024 Gnoni.
1328 2001 1369 2038 p.
1399 1987 1591 2031 223·Hinc
1602 1986 1655 2020 υἰ-

248 2063 335 2085 vere
347 2050 607 2098 significanter
621 2048 823 2084 admodum
835 2062 902 2099 pro
917 2048 1100 2097 vitafiui.
1106 2049 1345 2085 PlatoComuc
1354 2061 1398 2084 us
1413 2047 1657 2097 apudAthen.

252 2112 325 2150 III
352 2123 409 2154 23.
436 2126 473 2162 p
502 2116 578 2151 103.
603 2111 735 2147 πότους
759 2110 920 2145 ἐωθινοῦς
942 2114 1035 2144 πινει
1054 2109 1114 2145 διά
1138 2125 1176 2146 σε
1196 2112 1253 2145 νῦν
1278 2130 1317 2136 -
1335 2129 1380 2137 —-
1407 2105 1468 2154 ζῃν
1494 2108 1528 2144 δ’
1550 2110 1657 2145 ἐστὶ

252 2176 303 2209 τδ
336 2172 518 2208 τοιοῦτ’
555 2170 589 2206 ὃς
617 2173 782 2212 λέγουσιν
810 2170 838 2203 οἱ
866 2172 975 2217 σοφοί.
1002 2171 1137 2219 Agath.
1161 2172 1295 2208 XXVI.
1321 2181 1356 2217 7.
1384 2170 1464 2214 (A.
1493 2168 1651 2205 Br.111.

251 2247 313 2281 43
329 2240 341 2280 )
368 2236 449 2268 THE
475 2235 606 2280 ’γε’ρον,
643 2246 694 2267 acm
719 2229 846 2275 ζῆθι·
886 2232 968 2268 Cic.
1002 2233 1050 2269 ad
1071 2235 1187 2270 Attic.
1214 2233 1307 2269 XII
1335 2242 1370 2268 2
1395 2230 1558 2266 Homini
1581 2243 1657 2265 non

254 2303 385 2338 recta,
433 2295 505 2329 secl
531 2292 747 2336 voluptaria
776 2295 977 2338 quaerenti
1007 2306 1131 2329 nonne
1172 2296 1438 2341 βεβίωται;
1487 2292 1656 2330 Martial.

255 2358 399 2400 LVIII,
432 2368 466 2400 7.
499 2357 588 2389 Cras
609 2355 731 2395 vives,
770 2356 881 2390 hodie
895 2358 980 2400 jam
1000 2358 1144 2400 vivere,
1187 2358 1395 2398 Postume,
1432 2367 1559 2389 serum
1585 2360 1656 2393 est,

256 2421 332 2454 Ille
364 2418 492 2464 sapit,
534 2417 730 2464 quisquis,
770 2419 980 2460 Postume,
1021 2418 1127 2453 vixit
1159 2419 1253 2456 heri.
1290 2418 1411 2452 Enixe
1445 2416 1532 2452 inde
1566 2422 1656 2453 vett.

257 2482 409 2530 Epicuri
436 2478 715 2515 commendatur
739 2490 896 2524 gnome,
927 2477 987 2516 τοῦ
1010 2477 1123 2523 μηδέν
1147 2477 1450 2522 ἀναβάλλεσθαι,
1487 2484 1527 2512 et
1547 2488 1660 2522 prae-

256 2543 376 2578 sentis
407 2542 522 2575 horae
554 2542 664 2576 donis
710 2539 807 2582 (ΙΙΙ.
837 2548 866 2581 8.
889 2544 974 2585 27.)
996 2539 1096 2582 frui,
1121 2537 1162 2574 τι)
1188 2538 1334 2582 τερπνὸν
1354 2537 1545 2581 εφαμέριον
1570 2534 1651 2570 διώ-

259 2617 328 2641 κειν
358 2603 468 2639 Ρίηᾶ.
506 2603 632 2638 Isthm.
668 2600 755 2637 V11.
791 2613 854 2645 57.
891 2600 1105 2646 τούφήμερον
1143 2596 1205 2646 ζῇν
1232 2598 1360 2639 ἡδέως,
1397 2600 1536 2633 Incert.
1559 2595 1659 2646 apud

262 2665 401 2707 Athen.
434 2663 541 2706 vm.
569 2677 609 2714 p.
649 2663 732 2709 336.
770 2662 1003 2714 Antiphanes
1036 2660 1133 2711 apud
1173 2661 1284 2701 eund.
1322 2659 1395 2697 111.
1427 2673 1466 2709 p.
1504 2667 1584 2703 103.
1623 2653 1662 2692 οὗ
