1689 3086
589 181 643 196 ...-
732 162 811 216 651
904 182 963 197 .-

85 279 367 332 sollertiae,
403 285 581 324 natura
619 279 907 334 demmtus,
931 278 1298 341 *tribuebatur3
1332 276 1479 336 inpri-

82 352 177 391 mis
216 345 479 391 duodecim
514 343 630 398 illa,
679 345 730 389 in
780 362 906 405 quac
948 345 1196 389 zodiacus
1235 344 1480 388 dividitur

86 420 242 466 astra,
290 416 555 454 maximam
585 409 772 454 hahere
804 411 903 455 vim
941 418 988 455 et
1021 417 1262 455 virtutem
1298 408 1482 453 credita

87 486 230 532 sunt,
280 484 423 538 atque
453 492 628 521 eorum
658 480 956 536 unicuique,
993 483 1048 520 ut
1083 484 1128 521 et
1164 475 1371 537 singulis
1404 491 1486 518 cu-

84 541 266 604 jusque
295 542 616 604 regionibus2
653 542 730 587 vel
755 541 970 605 benigna
998 540 1072 586 vel
1100 548 1243 585 noxia
1270 539 1486 585 vindica·

87 618 132 654 ta
164 618 235 654 est
273 617 508 668 potestas.
578 607 796 652 Primum
813 615 981 652 autem
1010 614 1057 652 et
1081 614 1194 651 ante
1230 606 1395 650 omnia
1414 605 1484 648 di-

82 675 303 735 ligenter
332 683 380 720 et
414 675 642 720 adcurate
680 672 1038 736 explorandum
1070 680 1198 726 erat,
1233 671 1490 734 quodnam

90 747 322 802 signum,
362 750 408 786 et
439 748 589 802 quota
622 739 726 800 ejus
760 755 871 800 pars
911 740 1135 790 (Grad)
1175 755 1232 783 eo
1264 752 1491 782 momen-

91 816 170 861 to,
218 825 316 868 quo
347 808 556 867 quisque
581 804 867 851 nasceretur
887 837 899 860 ‚
937 812 1232 866 emergeret.
1300 805 1374 848 Ibi
1401 804 1491 846 Ιιο-

89 890 350 932 roscopus
377 873 638 917 dicebatur
673 887 778 916 esse
808 877 1135 924 constitutus,
1174 876 1208 914 i.
1243 885 1285 914 e.
1315 870 1490 922 locus,

92 955 147 983 ex
177 957 275 999 quo
305 947 466 983 cetera
501 943 666 983 omnia
698 943 746 982 in
777 939 913 982 coelo
952 945 1113 982 essent
1148 936 1426 980 ordinanda
1443 940 1491 978 et:

91 1006 390 1050 definienda.
460 1005 528 1048 Ab
572 1021 626 1048 ea
662 1004 817 1066 igitur
854 1004 981 1049 coeli
1022 1011 1162 1065 parte
1201 1008 1360 1048 exorsi
1399 1001 1492 1044 Zo-

92 1072 290 1115 diacum
335 1076 382 1115 in
435 1070 731 1123 duodecim,
779 1085 900 1130 quas
942 1070 1187 1114 vocabant
1228 1071 1497 1115 stationes

96 1137 432 1198 computando
463 1136 776 1190 dividebant,
820 1152 992 1181 earum
1024 1140 1295 1196 unicuique
1327 1134 1497 1195 trigin-

94 1212 141 1249 ta
174 1212 335 1265 partes
372 1202 707 1263 adsignantes.
778 1201 839 1247 Et
875 1202 950 1246 his
990 1202 1219 1263 inprimis
1261 1209 1497 1262 quatuor

94 1273 234 1315 coeli
256 1271 528 1323 cardines,
559 1276 732 1329 ortus,
761 1285 1002 1321 occasus,
1025 1271 1256 1315 mediam
1274 1270 1500 1312 etimam

93 1338 332 1387 coelam,
370 1343 508 1379 erant
527 1331 825 1391 definiendi3
863 1350 1084 1396 quorum
1109 1334 1315 1396 quidem
1345 1341 1500 1379 ortus

97 1410 204 1446 erat
233 1418 340 1462 pars
371 1406 522 1461 ipsius
548 1400 856 1461 horoscopi,
907 1417 1033 1462 quae
1063 1401 1112 1445 in
1141 1399 1499 1461 ujuscujusque

93 1475 355 1512 momento
392 1467 543 1511 natali
575 1473 792 1529 primum
825 1474 1137 1529 emergeret,
1175 1484 1228 1512 ac
1265 1467 1498 1525 deinceps

96 1551 184 1595 por
222 1539 418 1594 triginta
461 1541 623 1593 partes
658 1539 706 1578 in
741 1533 878 1578 coelo
911 1534 1304 1594 produceretur3
1356 1549 1504 1578 occa·

99 1616 194 1645 ,ms
220 1609 387 1644 autem
424 1615 478 1643 ea
507 1600 632 1667 coeii
658 1616 801 1660 pars,
841 1617 964 1660 quae
992 1607 1041 1644 in
1070 1605 1281 1661 septimo
1318 1600 1376 1642 ab
1416 1598 1501 1641 ho-

97 1683 304 1726 rospoco
324 1671 468 1728 signo
497 1671 682 1725 posita,
721 1681 876 1725 aeque-
905 1672 1106 1727 triginta
1135 1674 1300 1727 partes
1326 1665 1376 1708 in
1397 1678 1502 1708 coe*

101 1732 152 1776 lo
193 1731 291 1776 sihi
329 1731 618 1776 vindicaret.
676 1732 915 1776 Similiter
945 1733 1178 1779 mediam
1209 1734 1413 1778 coelum
1451 1732 1505 1773 in

103 1799 300 1843 decimo
335 1797 411 1841 vel
441 1798 698 1843 interdum
734 1803 885 1842 etiam
924 1805 972 1843 in
1003 1798 1306 1851 undecimo,
1343 1801 1507 1842 imum

103 1868 311 1911 coelam
343 1871 506 1908 autem
543 1869 592 1907 in
631 1871 811 1924 quarto
843 1863 1126 1926 horoscopo
1155 1871 1297 1926 signo
1327 1867 1508 1907 consti-

102 1931 356 1975 tuebatur.
425 1929 642 1974 Maxime
683 1938 850 1975 autem
897 1936 1104 1992 insignis
1137 1939 1268 1983 erat,
1314 1938 1371 1974 ut
1406 1927 1508 1972 illa-

102 2013 215 2041 rum
247 1994 512 2041 duodecim
540 2001 829 2051 stationum,
858 2002 923 2041 ita
947 2003 1173 2060 inprimis
1197 1999 1378 2041 horum
1397 2010 1508 2055 qua,

103 2070 218 2108 tuor
243 2061 366 2105 coeli
389 2060 646 2106 cardinum
664 2094 677 2114 ‚
714 2063 1111 2124 uniuscujusque
1140 2063 1412 2124 quidemin
1439 2061 1508 2104 di-

105 2143 274 2173 versas
316 2127 441 2171 vitae
481 2127 733 2173 humanae
778 2145 883 2180 reS,
933 2135 1005 2175 vis
1046 2138 1092 2175 et
1126 2135 1313 2185 virtus,
1352 2143 1506 2187 eaque

110 2211 166 2239 ex
196 2200 449 2255 signorum
479 2201 526 2237 et
557 2193 876 2254 planetarum
907 2201 956 2240 in
989 2196 1086 2240 illis
1126 2196 1253 2241 coeli
1288 2199 1509 2240 stationi-

106 2261 202 2305 bus
243 2267 288 2304 et
336 2259 624 2306 cai-dinibus
666 2266 762 2306 situ
802 2263 1138 2323 temperanda.
1208 2263 1441 2307 Cetei-‘um
1478 2275 1509 2303 >e

109 2334 325 2387 quatuor
362 2325 460 2371 illis
499 2326 787 2372 cardinibus
827 2333 898 2379 is,
940 2335 1024 2389 qui
1060 2327 1283 2373 medium
1315 2329 1511 2372 coelum

110 2400 324 2447 teneret,
355 2392 576 2453 reliquos
607 2401 653 2438 et
680 2394 922 2455 dignitate
953 2402 998 2440 et
1029 2395 1511 2455 effectussupcrabat:

110 2465 188 2504 cui
208 2464 433 2519 proxime
463 2458 695 2504 accedere
715 2461 1087 2506 existimabatur
1110 2468 1267 2506 imum
1288 2462 1511 2514 coelum3

111 2529 316 2571 tertium
343 2531 509 2569 autem
544 2525 801 2588 dignitatis
840 2527 1006 2572 locum
1039 2527 1312 2588 occupabat
1347 2535 1510 2577 ortus,

111 2601 352 2652 quartum
377 2590 589 2653 denique
617 2608 833 2638 occasus.
882 2594 1026 2638 Hisce
1053 2595 1320 2639 duodecim
1345 2598 1514 2638 statio-

112 2659 260 2711 nibus
297 2672 384 2724 per
410 2656 677 2709 duodecim
701 2659 909 2710 Zodiaci
936 2666 1077 2722 signa
1113 2666 1179 2711 ita
1206 2663 1511 2714 constitum,
