1737 3054
639 246 694 257 -·-
781 225 859 271 263
953 249 1007 258 --

148 341 230 374 vius
253 334 394 373 institui
422 339 520 387 cupit
544 343 666 385 poeta.
689 355 734 364 ——
758 339 793 373 6.
823 338 950 388 Neque
974 335 1059 371 dum
1092 342 1214 373 tamen
1239 337 1285 373 de
1308 338 1538 389 auspicanda

150 401 415 449 compotatione
442 399 597 444 cogitas.
630 397 760 432 Veluti
784 402 885 443 stet,
910 409 982 432 non
1003 407 1206 446 properet,
1242 401 1316 434 cito
1347 400 1393 434 ad
1427 401 1542 436 finem

149 463 321 499 decurrat
355 460 437 505 dies
468 459 654 501 volucris,
692 463 795 507 cujus
816 459 904 506 fuga
922 459 1159 494 velocissima
1180 461 1243 494 sit.
1269 459 1386 492 Haud
1416 462 1544 507 segnis

150 526 228 556 stat
253 523 439 555 remeatve
465 519 567 561 dies,
593 518 734 555 Tibull.
758 520 790 553 l.
818 531 852 560 4.
876 527 934 560 28.
959 520 1101 555 Seneca
1125 520 1236 556 Herc.
1277 520 1346 555 fur.
1375 532 1453 565 ¹79·
1479 534 1544 556 vo.

143 581 314 627 lucrique
339 580 400 615 die
420 585 505 616 rota
523 580 746 627 praecipitis
766 581 930 614 vertitur
960 583 1064 617 anni.
1089 582 1176 617 Vid.
1205 581 1350 617 Markl.
1373 582 1419 617 ad
1445 583 1543 619 Stat.

151 643 244 697 silv·
266 643 309 680 V,
338 654 370 678 1.
403 654 456 685 17.
483 661 525 669 —
547 656 581 684 7.
604 643 737 675 Parcis
764 641 958 686 deripere,
989 658 1061 679 non
1087 644 1228 693 deripis
1246 636 1459 685 (notissimo
1482 656 1543 680 του

146 702 335 748 φειδεσθαι
358 706 442 747 usu)
465 704 622 747 horreo,
648 703 694 739 de
716 704 791 739 vini
818 706 1003 739 veterario
1030 707 1095 748 (de
1122 721 1194 758 quo
1210 708 1353 756 pariter
1373 705 1546 741 adhibuit

152 766 298 804 Colum.
326 768 409 803 XII.
438 779 470 803 2.
495 772 580 811 2.),
605 767 707 811 quod
728 770 761 802 in
790 769 972 817 superiori
1002 782 1093 804 oeco
1123 776 1223 815 erat,
1257 768 1322 803 ubi
1357 767 1442 803 cadi
1468 767 1544 802 alte

150 832 302 878 repositi
325 839 441 866 erant.
466 829 573 865 Unde
596 831 747 880 proprie
768 830 951 875 deripere.
977 818 1054 865 Vid³
1072 830 1145 869 111.
1167 840 1224 866 21.
1249 841 1284 871 7.
1322 848 1361 857 -
1393 830 1546 862 Cessan-

150 897 228 924 tem
262 895 425 928 suaviter
457 892 642 938 adjectum
661 919 670 935 ,
710 901 884 942 tanquam
920 895 996 942 ipsa
1026 896 1238 929 convivium
1261 900 1447 935 moretur,
1474 905 1547 926 nou

144 957 232 988 satis
254 959 327 990 cito
352 968 398 990 ex
426 953 570 988 Horatii
594 955 825 1004 impatientia
848 954 1094 1005 deripientem
1131 961 1270 990 secuta.
1309 953 1452 990 Eadem
1478 944 1548 989 vve-

147 1014 297 1053 nustate
313 1016 421 1064 Virg·
445 1020 539 1052 Aen·
565 1017 630 1050 VI·
654 1028 737 1054 210.
759 1018 805 1054 de
822 1031 933 1053 aureo
958 1018 1080 1054 ramo:
1111 1017 1281 1064 Corripit
1303 1015 1452 1052 Aeneas
1478 1031 1549 1051 ex·

146 1081 290 1125 templo
314 1079 522 1126 avidusque
541 1080 726 1128 refringit
753 1085 997 1114 cunctantem
1012 1107 1023 1124 ,
1050 1089 1218 1130 respectu
1242 1081 1397 1116 Aeneae
1430 1080 1555 1115 avidi.

145 1140 240 1175 Nam
263 1143 294 1175 si
320 1142 474 1191 proprie
497 1143 661 1192 accipias
676 1167 686 1185 ,
707 1141 878 1192 Sibyllae
897 1142 971 1178 sibi
994 1142 1093 1178 haud
1122 1147 1310 1179 constaret
1341 1141 1489 1179 effatum
1513 1157 1546 1178 v.

148 1205 225 1245 146.
259 1201 352 1241 Stat.
383 1203 476 1239 silv.
500 1204 533 1239 Ι.
556 1210 591 1244 5.
616 1214 673 1239 11.
698 1209 1020 1252 cunctantemque
1041 1206 1196 1251 impelle
1230 1205 1388 1250 chelyn,
1415 1207 1469 1239 uti
1495 1204 1547 1239 ibi

146 1268 385 1306 scribendum
407 1293 419 1310 ,
449 1275 578 1318 estque
610 1268 693 1315 vel,
730 1282 864 1316 move,
898 1267 1054 1316 deripe,
1090 1265 1148 1301 vel
1171 1267 1326 1315 impelle
1352 1267 1443 1302 fides
1482 1270 1548 1310 (ut

142 1328 237 1364 Tib.
259 1329 310 1363 II.
350 1336 384 1370 5.
411 1341 443 1373 3.
468 1328 664 1375 impellere
683 1330 873 1373 chordas)
900 1332 1146 1368 cunctantes,
1170 1330 1322 1370 tacitas,
1359 1342 1453 1378 quae
1482 1327 1549 1363 du-

146 1392 231 1426 dum
253 1404 384 1427 sonare
407 1391 632 1427 debuissent.
655 1391 785 1426 Parum
806 1400 893 1440 apte
915 1391 952 1426 h.
976 1390 1003 1425 l.
1024 1390 1245 1439 amphoram
1267 1398 1470 1425 cessantem
1496 1392 1550 1425 in—

146 1461 422 1503 terpretantur,
449 1461 501 1488 tot
527 1454 628 1488 annis
652 1454 826 1493 otiosam,
853 1452 926 1495 vel,
951 1464 1059 1503 quam
1084 1465 1205 1488 cessas
1226 1451 1436 1501 deportare,
1449 1451 1547 1502 quod

149 1514 293 1560 linguae
321 1516 450 1554 rationi
471 1514 702 1552 adversatur.
727 1534 772 1539 —
788 1511 929 1546 Bibuli
947 1514 1133 1556 consulis,
1170 1513 1224 1549 Μ.
1260 1512 1462 1563 Calpurnio
1487 1515 1548 1548 Bi-

148 1573 237 1612 bulo
264 1575 352 1611 Cos.
376 1575 602 1611 reconditam
620 1602 630 1617 ,
656 1576 871 1610 consulatus
895 1579 973 1624 ejus
1002 1585 1090 1611 nota
1116 1579 1312 1623 signatam.
1349 1577 1484 1626 Incipit
1517 1577 1549 1611 is

148 1639 184 1672 in
207 1651 238 1673 a.
263 1637 309 1673 U.
337 1637 549 1673 DCXCIV.

240 1711 273 1735 v.
300 1711 334 1742 9.
361 1697 476 1732 Cantu
497 1710 644 1748 quoque
669 1697 762 1732 hunc
784 1697 916 1732 festum
935 1697 1033 1735 diem
1060 1698 1307 1736 celebremus.
1332 1698 1423 1734 Cum
1448 1712 1547 1734 eom·

146 1761 329 1809 potationi
359 1759 586 1809 Neptunalia
607 1760 852 1810 praetendat,
879 1763 968 1796 satis
990 1773 1277 1799 consentaneum
1314 1769 1392 1803 est,
1419 1763 1543 1796 cantui

146 1821 302 1869 hymnos
324 1819 470 1869 subjici.
493 1839 538 1846 —-
561 1820 746 1863 invicem,
773 1820 1008 1862 alternatim,
1045 1821 1250 1866 ἀμοιβαὶως.
1279 1842 1327 1849 -
1367 1832 1423 1858 10.
1455 1822 1547 1856 viri.

148 1881 212 1915 des
237 1880 441 1915 Nereidum
467 1893 597 1918 comas
614 1909 623 1925 ,
651 1882 853 1918 admodum
886 1886 1037 1933 poetica
1062 1886 1228 1929 ratione,
1255 1897 1336 1934 pro,
1359 1885 1546 1920 Nereidas

92 1938 96 1941 ’
148 1943 286 1978 virides
309 1955 339 1978 s·
368 1943 557 1979 caeruleas
582 1956 708 1979 comas
731 1941 938 1987 habentes,
965 1945 1265 1989 κυανοπλοκάμουε
1300 1947 1367 1992 (Q.
1391 1947 1473 1984 Cal.
1496 1947 1543 1983 V.

148 2006 256 2050 345·)
284 2004 448 2053 epitheto
473 2021 492 2040 a
513 2007 627 2041 maris
651 2006 774 2042 colore
802 2006 846 2041 ad
873 2007 962 2042 deos
982 2009 1145 2042 marinos
1168 2007 1313 2044 solenni
1348 2021 1449 2045 more
1474 2017 1545 2045 tra·
1577 2015 1581 2019 “

148 2066 270 2102 ducto.
295 2065 384 2102 Stat.
412 2066 505 2101 Silv.
536 2067 566 2104 I.
594 2073 626 2108 5.
653 2067 709 2100 16.
733 2068 794 2100 Ite
821 2068 911 2101 deize
942 2067 1105 2113 viritim,
1141 2069 1381 2118 liquidosque
1415 2071 1546 2104 adver-

150 2124 222 2159 tite
246 2127 371 2161 vultus
389 2154 398 2170 ,
426 2132 463 2161 et
485 2127 653 2161 vitreum
675 2128 817 2161 teneris
842 2128 984 2162 crinem
1008 2130 1189 2165 redimite
1212 2133 1425 2179 carymbin
1462 2134 1545 2179 (ubi

150 2195 202 2222 ter
221 2186 375 2230 (virides
396 2188 510 2232 deae,
533 2187 676 2236 liquidi
695 2191 844 2231 vultus,
868 2191 1014 2225 vitreus
1046 2192 1184 2238 crinis)
1207 2196 1400 2243 epitheton
1423 2208 1444 2230 a
1469 2207 1547 2230 ma-

150 2251 179 2285 ri
206 2249 353 2285 ductum
384 2251 536 2293 videas,
571 2252 671 2303 quod
700 2254 761 2288 vix
800 2253 1029 2302 probaveris.
1054 2255 1164 2290 Ovid.
1193 2256 1314 2294 Trist.
1351 2257 1380 2291 Ι.
1415 2268 1450 2292 2.
1483 2262 1546 2299 59·

146 2311 266 2347 Proh.
293 2309 429 2357 Superi
449 2331 494 2340 —
511 2312 728 2361 viridesque
755 2315 839 2356 dei,
862 2315 995 2362 quibus
1020 2329 1186 2364 aequora
1199 2330 1321 2355 curae.
1344 2337 1389 2346 —
1413 2330 1470 2356 11.
1491 2318 1546 2352 Tu

150 2373 289 2406 recines
305 2399 317 2416 ‚
338 2374 504 2409 vicissim
525 2388 634 2411 canes
660 2377 746 2421 lyra
770 2387 908 2422 curva,
936 2391 1124 2424 convexa;
1149 2381 1222 2418 vid.
1246 2381 1294 2417 ad
1317 2381 1347 2415 Ι.
1371 2390 1426 2416 10.
1450 2383 1548 2416 6.-

152 2443 210 2469 12.
248 2433 418 2469 Latonae
451 2438 488 2473 in
521 2438 674 2488 hymnis
707 2442 741 2475 in
778 2439 1000 2487 Apollinem
1036 2450 1074 2478 et
1095 2444 1279 2487 Dianam,
1303 2456 1391 2479 suae
1414 2441 1546 2478 laudes

149 2494 308 2532 tributae
323 2522 334 2540 ,
353 2499 536 2542 maxime,
558 2501 659 2546 quod
682 2507 756 2537 tam
787 2503 1015 2548 praeclaram
1039 2505 1184 2554 prolem
1207 2513 1315 2556 partu
1347 2504 1544 2541 edidisset.

147 2556 233 2592 'Vid-
261 2557 322 2592 ad·
350 2560 375 2592 I·
401 2569 458 2595 21.
483 2571 516 2604 3.
537 2579 583 2589 -
605 2562 749 2609 spicula
776 2563 980 2610 Cynthiae,
1002 2566 1146 2602 Dianae
1177 2568 1221 2610 (a
1253 2568 1425 2617 Cyntho,
1452 2564 1546 2601 Deli

149 2619 292 2663 monte)
314 2617 415 2670 quod
436 2620 564 2657 iterum
589 2625 737 2671 poetica
763 2616 903 2662 ratione
928 2625 1072 2663 dictum
1098 2641 1188 2679 pro,
1222 2630 1376 2666 Dianam
1399 2627 1545 2675 spicula

150 2689 182 2713 s.
207 2680 282 2716 tela
308 2687 515 2728 gestantem
533 2709 544 2728 ‚
569 2684 816 2731 pharetratam
835 2713 845 2731 ‚
879 2677 1092 2735 τοξοφᾶςον)
1125 2689 1316 2737 ἰοχέαιραν.
1350 2689 1546 2727 Simillime
