1737 3054
119 315 411 374 Plerumque
435 317 603 373 gratae
633 308 864 355 divitibus
896 317 1023 358 vices
1040 344 1056 367 ‚

112 380 428 441 Mundaeque
454 394 606 439 parvo
639 376 728 422 sub
761 377 865 422 lare
904 395 1189 440 pauperum

177 447 399 499 coenae,
436 449 538 490 sine
568 443 749 489 aulaeis
782 451 828 487 et
857 452 1020 501 ostro,

243 511 514 556 Sollicitam
542 510 825 571 explicuere
862 511 1097 560 stentem.

105 651 216 696 Jam
240 649 398 695 clarus
437 650 685 695 occultum
714 650 1058 698 Andromedae
1089 660 1233 712 pater

109 717 336 762 Ostendit
366 721 554 778 ignem:
592 715 692 776 jam
721 718 941 777 Procyon
966 717 1116 774 furit,

168 781 230 828 Et
266 782 402 828 steila
427 787 593 828 vesani
624 782 829 836 Leonis,

241 849 354 894 Sole
391 849 492 894 dies
528 849 776 896 referente
804 847 978 894 siccos.

106 981 215 1026 Jam
243 988 412 1041 pastor
438 979 641 1025 umbras
670 996 783 1026 cum
819 997 965 1043 grege
1001 982 1238 1044 languido

104 1047 381 1107 Rivumque
412 1045 565 1090 fessus
603 1051 824 1107 quaerit,
860 1055 908 1092 et
934 1048 1129 1094 horridi

168 1112 383 1156 Dumeta
422 1112 633 1156 Silvani:
671 1121 906 1175 caretque

231 1177 354 1239 Ripa
376 1182 510 1238 vagis
541 1178 786 1240 taciturna
813 1180 989 1226 ventis.

105 1316 209 1368 Tu,
248 1316 493 1359 civitatem
528 1317 632 1376 quis
663 1314 834 1361 deceat
874 1323 1055 1369 status,

103 1384 280 1435 Cumas,
321 1389 367 1425 et
402 1380 523 1424 Urbi
555 1381 802 1425 Sollicitus
823 1413 836 1428 ,
875 1383 1051 1432 times,

169 1450 300 1511 Quid
319 1447 458 1491 Seres
491 1454 538 1491 et
565 1454 767 1507 regnata
803 1447 930 1505 Cyro

233 1515 406 1558 Bactra
432 1519 637 1571 parent,
675 1511 955 1572 Tanaisque
986 1509 1193 1557 discors.

100 1647 317 1693 Prudens
347 1644 502 1691 futuri
538 1643 780 1707 temporis
819 1646 1007 1692 exitum

98 1713 373 1773 caliginosa
408 1719 548 1758 nocte
586 1713 773 1772 premit
803 1713 969 1757 Deus:

157 1778 430 1840 Ridetque‚
480 1778 518 1822 si
546 1778 769 1824 mortalis
807 1779 938 1824 ultra

224 1845 315 1890 Fas
348 1845 578 1905 trepidat.
650 1846 796 1910 Quod
827 1845 998 1905 adest,
1026 1851 1285 1893 memento

95 1984 402 2044 Componere
432 1997 646 2045 aequus:
684 1988 848 2027 cetera
891 1979 1110 2027 fluminis

92 2048 206 2093 Ritu
235 2048 497 2102 feruntur,
532 2062 669 2095 nunc
701 2049 869 2094 medio
900 2047 1039 2092 alveo

157 2116 278 2159 Cum
318 2131 437 2176 pace
468 2113 740 2160 delabentis
777 2114 1042 2159 Etruscum

223 2181 276 2225 In
305 2196 470 2237 mare,
507 2196 636 2225 nunc
665 2179 852 2243 lapides
880 2178 1084 2230 adesos,

92 2303 367 2365 stirpisque
404 2313 599 2368 raptas,
638 2311 685 2350 ct
712 2319 861 2365 pecus
900 2309 947 2347 et
976 2303 1151 2348 domos

86 2370 338 2417 Volventis
370 2388 495 2426 una,
531 2389 630 2416 non
671 2371 774 2417 sine
802 2370 1054 2415 montium

155 2435 382 2481 Clamore
411 2440 699 2499 vicinaeque
733 2436 909 2488 silvae,

217 2503 383 2566 Quum
405 2503 508 2550 fera
535 2503 743 2550 diluvies
778 2507 968 2564 quietos

80 2628 247 2671 Irritat
276 2613 451 2670 amnis.
516 2624 603 2673 Ille
635 2634 814 2686 potens
852 2630 927 2671 sui

84 2694 366 2742 Laetus-rme
385 2682 559 2755 deget,
598 2699 677 2740 cui
699 2693 813 2741 licet
841 2697 891 2740 in
925 2691 1059 2739 diem

152 2758 213 2803 ΙΙ.
251 2758 405 2806 §Barim
1184 2751 1229 2798 D

1450 450 1509 498 15

1448 1319 1506 1367 25

1422 2506 1484 2552 [μῦ
