1737 3054
696 224 755 233 .-.
843 209 928 255 284
1017 224 1070 234 .-

183 317 226 348 ta
248 316 438 365 praeclare
456 327 643 367 augustam
674 320 877 368 religiosae
914 334 1075 372 pompae
1105 320 1261 370 praebet
1293 322 1472 372 speciem.
1502 323 1578 358 No-

180 385 298 414 strum
321 378 444 417 locum
465 385 631 419 imitatus
653 393 707 420 est
728 383 916 420 Martialis
938 385 998 419 IX.
1023 395 1057 421 2-
1084 390 1119 424 5.
1145 382 1305 430 Tarpeia
1317 384 1463 418 summi
1482 395 1583 418 saxa

185 439 279 474 dum
299 442 431 477 Patris
449 444 631 479 stabunt:
655 446 748 481 dum
772 458 857 481 voce
878 447 1069 494 supplent,
1101 447 1268 493 dumque
1301 452 1384 480 ture
1411 445 1584 491 placabit

181 506 361 539 matrona
388 506 512 540 Divae
540 507 650 542 dulce
672 509 797 544 Iuliae
818 520 982 552 nomen,
1008 506 1181 542 manebit
1199 508 1324 550 altram
1353 507 1509 542 Flaviae
1520 507 1584 542 de-

182 574 248 597 cus
264 568 398 611 gentis
417 579 505 603 cum
527 571 607 604 sole
630 576 670 605 et
692 571 809 605 astris
833 570 1099 616 cumque-luce
1121 568 1313 605 Romana.

277 638 335 664 10.
362 626 486 663 Dicar
507 644 574 679 ego
604 633 768 682 Apulus,
803 630 1059 667 memorabunt
1096 633 1263 681 posteri.
1297 641 1360 665 me
1394 630 1585 672 Venusia,

179 686 344 738 Apuliae
370 691 522 741 oppido,
550 693 762 733 oriundum,
780 693 996 740 principem
1018 690 1238 733 deduxissen
1272 693 1436 741 primum
1450 691 1582 734 fuisse,

181 753 245 799 qui
271 748 414 786 Aeolia
437 753 569 789 Alcaei
601 763 636 790 et
662 755 839 804 Sapphus
862 755 1053 796 carmina,
1069 753 1214 797 modos,
1235 752 1289 787 ad
1305 753 1430 788 Italos
1450 753 1585 788 modos

181 811 398 856 deduceret,
426 816 664 859 traduceret,
685 819 748 866 qui
775 818 919 853 Graeca
942 818 1107 853 carmina
1133 815 1252 863 lyrica
1281 815 1330 850 ad
1359 816 1489 850 modos
1514 815 1586 850 Ita-

181 873 234 908 los
260 873 587 921 adcommodant,
609 881 659 914 ita
687 885 725 913 ut
749 878 927 914 Romanis
949 877 1073 915 modis
1099 875 1239 913 fidibus
1264 875 1460 920 (subiectis
1483 877 1590 910 nimi-

181 946 265 970 rum
288 935 436 973 Latinis
461 939 608 985 verbis)
631 947 861 983 resonarent;
884 940 1046 990 indeque
1069 952 1122 974 θα·
1145 937 1313 982 humili,
1334 950 1449 989 quum
1470 939 1588 973 humi-

178 996 208 1030 li
230 1009 367 1042 genere
397 1009 498 1038 ortus
523 1012 635 1046 esset,
654 1009 860 1050 potentem
884 1002 1050 1046 factum,
1074 1003 1173 1054 apud
1197 1001 1396 1053 populares
1423 1013 1509 1036 suos
1536 1000 1587 1036 sa-

179 1069 240 1093 ma
259 1070 307 1094 ac
334 1064 451 1106 gratia
485 1062 679 1105 floruisse.
713 1065 865 1112 ingenio
898 1063 1139 1101 nobilitatem
1176 1068 1412 1100 consecutum
1447 1061 1583 1098 fuisset

181 1123 335 1161 omnino
358 1135 441 1173 pro,
467 1138 525 1161 me
552 1128 710 1176 primum
734 1127 982 1164 Romanorum
1012 1128 1200 1164 exstitisse
1218 1151 1226 1163 .
1253 1129 1312 1176 qui
1347 1125 1585 1160 Graecorum

175 1182 357 1232 exempla
377 1195 547 1230 secutus,
574 1191 708 1237 poesin
742 1189 903 1238 lyricam
941 1202 1031 1226 cum
1065 1189 1172 1224 laude
1210 1195 1400 1223 tractaret.
1426 1187 1584 1222 Doctius

181 1243 282 1281 idem
306 1246 354 1282 de
378 1247 499 1295 elegia
522 1261 590 1285 sua
615 1251 663 1286 ad
689 1252 856 1287 Graecos
878 1251 1107 1288 conformata
1134 1250 1204 1284 111.
1228 1260 1309 1293 1.3.
1329 1249 1488 1284 Primus
1516 1261 1586 1295 ego

183 1304 382 1351 ingredior
399 1319 500 1353 puro
525 1310 571 1345 de
579 1312 702 1359 fonte
722 1311 899 1346 sacerdos
911 1312 1017 1347 Itala
1023 1324 1094 1360 per
1110 1311 1248 1355 Grajos
1259 1311 1370 1356 orgia
1380 1309 1491 1356 firre
1503 1311 1588 1345 clzo-

183 1379 263 1406 ros.
285 1370 437 1416 Ingenui
465 1385 556 1408 vero
587 1376 704 1409 animi
726 1381 888 1425 poetam,
910 1387 987 1426 qni,
1013 1389 1125 1425 quum
1153 1374 1352 1423 magnifice
1387 1372 1588 1408 admodum

185 1430 232 1467 de
254 1444 296 1467 se
320 1432 514 1484 loquatur,
535 1448 656 1486 neque
688 1444 863 1482 quantum
887 1439 965 1487 ipse
998 1437 1148 1490 Lyricis
1173 1438 1319 1483 graecis
1348 1434 1500 1476 debeat,
1522 1447 1588 1468 ne-

185 1507 256 1544 que
276 1508 386 1548 quam
409 1494 590 1535 obscuros
610 1498 754 1535 natales
775 1498 960 1542 habuerit,
985 1514 1055 1536 non
1084 1509 1157 1536 tam
1185 1502 1357 1539 reticeat,
1382 1507 1490 1547 qnam
1511 1508 1589 1549 5po-

185 1557 258 1592 tius
287 1556 535 1604 jactabundus
556 1561 789 1610 profiteatur.
817 1560 918 1597 Illud
940 1574 1036 1609 „ego
1053 1562 1226 1611 Apulus“
1252 1560 1336 1596 vide
1365 1572 1474 1610 quam
1488 1569 1590 1592 orna-

183 1620 275 1655 verit
297 1621 435 1669 poeta!
459 1635 531 1671 qua
554 1627 674 1671 parte,
701 1621 766 1658 ubi
793 1623 982 1672 Aufidus,
1007 1624 1170 1673 Apuliae
1194 1623 1322 1658 fluvius
1345 1619 1489 1654 violens
1525 1616 1590 1651 ob-

185 1682 338 1727 strepit,
361 1682 548 1719 violenter
568 1682 660 1726 fluit,
682 1686 890 1735 impetuose
918 1695 1032 1736 atque
1061 1700 1143 1723 cum
1180 1685 1323 1733 fragore
1363 1684 1449 1723 ruit,
1483 1692 1588 1714 κανα-

181 1743 280 1788 χηδοί
303 1744 399 1791 piet:
425 1759 445 1780 e
470 1754 598 1783 natura
620 1749 722 1783 istius
746 1748 862 1792 fluvii,
877 1749 953 1786 vid.
990 1749 1056 1784 IV.
1092 1758 1148 1789 14·
1175 1753 1228 1786 ι5·
1259 1746 1377 1781 Sffl'm·
1413 1743 1444 1777 Ῑ·
1472 1753 1504 1778 ¹·
1531 1749 1590 1789 58·

184 1822 231 1830 —
255 1815 310 1841 11.
332 1806 519 1842 Disertius
546 1807 724 1855 Apuliam
749 1809 915 1857 designat
936 1808 981 1844 ab
1001 1814 1150 1859 antiquo
1180 1812 1258 1856 ejus
1283 1821 1370 1854 rege
1405 1811 1459 1849 (ut
1484 1805 1533 1839 ll.
1554 1804 1589 1838 (i.

187 1876 244 1902 11.
270 1874 305 1902 et
331 1866 399 1901 III.
423 1879 481 1915 29.
507 1872 582 1915 27.)
607 1870 769 1912 Dauno,
792 1885 882 1918 qua,
912 1871 977 1908 ubi
1000 1873 1029 1906 is
1050 1870 1224 1916 regnavit
1242 1867 1492 1915 populorum,
1517 1860 1588 1907 ’ἷῦῖἓ

125 1928 148 1941 “
191 1923 300 1970 λαῶν,
326 1928 558 1978 imperitavit
580 1933 744 1980 populis,
768 1947 877 1984 qnam
901 1937 1091 1978 regionem
1122 1932 1187 1968 ille
1223 1937 1257 1966 in
1287 1931 1428 1965 ditione
1460 1928 1589 1963 habuit

187 1999 310 2034 aquae
324 2002 551 2037 pauperem,
572 1993 727 2034 aridam,
751 1995 889 2030 siccam
910 2007 920 2035 ·,
943 2002 1123 2043 perpetuo
1161 1992 1315 2043 Apuliae
1338 1991 1517 2040 epitheto.
1532 1985 1589 2023 Cf·

186 2052 234 2088 V·
259 2056 293 2090 3·
320 2055 373 2089 16.
399 2055 512 2091 Ovid.
537 2055 633 2092 Met.
654 2055 754 2094 XIV.
791 2064 874 2100 510.
899 2056 1058 2103 Iapygis
1080 2054 1190 2089 arida
1212 2053 1350 2087 Dauni
1381 2063 1483 2085 arva.
1513 2048 1590 2085 Sed

186 2115 363 2152 audacter
383 2117 560 2154 Horatius
586 2119 759 2155 Daunum
783 2124 905 2168 ipsum
927 2133 1041 2171 aquae
1066 2123 1173 2154 vocat
1200 2131 1423 2167 pauperem3
1448 2114 1546 2167 quod
1567 2126 1589 2148 a

187 2177 309 2226 lyrica
335 2180 479 2216 ratione
499 2181 600 2217 haud
624 2181 788 2219 alienum
811 2183 1025 2233 putandum.
1050 2181 1224 2217 Ceterum
1252 2180 1364 2214 alium
1396 2178 1462 2214 alii
1496 2177 1592 2212 ordi-

187 2252 270 2276 nem
293 2240 492 2278 verborum
520 2245 728 2288 instituunt,
750 2259 902 2297 quorum
933 2245 1071 2281 nullum
1096 2242 1208 2278 facile
1233 2239 1477 2287 adprobabis.

283 2312 317 2335 v·
346 2312 389 2344 ¹4
413 2324 461 2331 —
489 2308 543 2341 16.
567 2303 730 2341 Laurum
754 2309 826 2355 jam
846 2306 994 2342 Musam
1018 2306 1137 2356 poscit
1164 2311 1264 2339 vates
1282 2316 1322 2339 ea
1337 2303 1588 2350 dignissimus,

186 2363 268 2413 ipsa
293 2365 362 2400 bac
384 2368 591 2414 arrogantia
618 2379 683 2403 sua
704 2368 855 2418 placens
879 2377 990 2418 atque
1012 2366 1198 2403 amabilis.
1227 2365 1493 2401 Communicat
1525 2375 1589 2398 au-

188 2429 394 2476 tem'poeta
420 2429 630 2478 snperbiam
654 2443 756 2466 suam
791 2444 872 2466 cum
893 2430 1136 2479 Melpomene
1175 2437 1355 2476 tanquam
1385 2425 1496 2460 Musa
1523 2436 1588 2458 sua

193 2486 327 2537 lyrica,
349 2504 504 2541 quacum
532 2494 782 2543 principatum
813 2498 907 2527 inter
943 2499 1074 2542 poetas
1106 2491 1293 2525 Romanos
1330 2489 1468 2536 lyricos
1494 2484 1590 2520 obti-

190 2553 338 2593 nuerit3
360 2567 433 2604 quo
456 2553 589 2589 eodem
611 2557 745 2606 spiritu
770 2555 939 2606 Propert.
965 2553 1034 2588 111.
1058 2565 1089 2589 1.
1116 2565 1150 2597 9.
1183 2553 1265 2598 Quo
1288 2561 1348 2583 me
1385 2549 1506 2582 Fama
1540 2547 1592 2579 le-

193 2617 256 2645 vat
282 2618 385 2649 terra
404 2615 592 2659 sublimis,
633 2622 672 2650 et
704 2631 726 2651 a
758 2630 819 2651 me
856 2618 958 2651 Nata
991 2614 1186 2650 coronatis
1218 2612 1336 2647 Musa
1373 2609 1589 2655 triumphat

193 2674 311 2723 equis.
355 2676 472 2713 Sume
500 2679 735 2726 superbiam,
765 2680 864 2716 haud
901 2690 936 2716 te
973 2683 1049 2728 jam
1075 2679 1234 2714 d-uecet
1264 2673 1461 2725 superbia,
1495 2671 1596 2707 haud
