1689 3086
677 153 1054 199 -650-

151 273 283 315 texta
322 267 538 315 nominis
577 268 854 316 claritatem
893 271 1129 334 adeptus,
1179 287 1329 333 super
1358 287 1433 318 vv.
1476 287 1550 332 ¹7⁰

147 352 252 398 sqq.
281 351 338 381 ex
368 336 667 398 astrologica
696 337 955 399 disciplina
986 343 1079 382 rite
1109 338 1427 397 expediendis
1453 354 1553 383 me·

146 417 262 446 cum
290 402 671 463 perhumaniter
700 410 1116 460 communicavit,
1146 403 1226 448 hic
1256 404 1550 467 adposuero.

146 469 218 512 Ita
246 485 365 513 vero
387 469 471 514 ille
500 469 730 515 disserit.

273 533 451 598 Quae
435 552 538 596 Jam
567 553 592 581 a
619 536 796 613 primis
833 538 948 583 inde
973 539 1315 582 Astronomiae
1349 537 1552 600 odgini<

135 598 230 646 bus
254 599 521 647 hominum
552 603 743 647 animos
779 603 1018 664 implevit
1041 603 1348 662 superstitio,
1382 622 1475 667 qua
1501 610 1550 651 in

134 666 320 720 multas
351 668 608 713 naturales
636 685 713 712 res
742 675 789 713 et
818 676 1038 723 eventus,
1065 685 1216 731 quam
1245 670 1552 715 animadver-

137 733 254 777 tisse
298 733 392 778 sibi
441 735 804 795 persuaderent
855 735 1077 781 siderum
1129 740 1376 795 insignem
1413 741 1549 792 vim,

135 798 347 845 eandem
390 799 464 844 his
501 801 551 845 in
583 817 754 847 omnes
794 807 998 863 omnino
1032 818 1109 847 res
1142 802 1384 847 humanas
1421 803 1549 865 pari-

132 871 212 908 ter
253 865 606 912 vindicandam
657 884 758 925 esse
807 875 1205 929 suspicarentur:
1257 869 1454 931 peperit
1491 886 1548 917 ea

130 931 444 990 peculiarem
477 932 698 994 aliquam
739 941 786 983 et
810 940 1053 996 temporis
1088 952 1408 991 successu‚o
1382 934 1547 979 obser-

132 999 415 1053 vationibus
459 998 633 1046 sedulo
672 1000 934 1058 adhibitis,
984 1002 1036 1046 in
1070 1001 1224 1064 justas
1254 1001 1445 1061 discip?
1434 1017 1544 1046 inae

130 1062 320 1112 formas
348 1066 605 1112 iedactam
632 1064 910 1113 doctrinam
932 1101 945 1124 ,
994 1067 1351 1129 Astrologiam3
1389 1083 1514 1129 quae
1532 1099 1547 1122 ,

134 1136 274 1191 quasi
305 1130 457 1176 altera
487 1148 602 1191 pars
634 1134 996 1190 Astrononiiae,
1028 1149 1083 1178 ex
1114 1142 1286 1179 mutua
1320 1133 1543 1179 siderum

131 1212 190 1240 eo
229 1205 522 1254 momento,
572 1217 667 1260 quo
708 1204 913 1262 quisque
949 1207 1268 1256 nasceretur,
1319 1205 1371 1244 in
1401 1198 1542 1245 coelo

129 1265 486 1310 constitutione
535 1265 768 1310 adcurate
810 1269 1093 1318 observata,
1148 1265 1251 1328 ejus
1289 1265 1543 1319 indolem,

127 1345 324 1383 mores,
361 1331 490 1376 vitae
530 1347 695 1385 casus,
732 1341 953 1379 mortem
988 1340 1080 1379 cet.
1113 1335 1173 1377 ad
1212 1340 1367 1379 certas
1406 1333 1541 1393 leges

126 1395 425 1459 regulasque
452 1397 810 1461 adstringeret3
847 1417 999 1463 quam
1020 1398 1171 1445 etiam
1198 1402 1542 1459 Augustitem-

122 1463 334 1524 poribus
370 1464 502 1525 apud
539 1467 785 1511 Romanos
823 1465 874 1512 in
913 1482 1096 1528 magno
1133 1465 1323 1510 honore
1361 1466 1539 1520 fuisse,

124 1529 448 1594 notissimum
485 1538 571 1597 estj.
618 1532 731 1595 Est
749 1540 916 1578 autem
948 1534 1067 1579 haec
1106 1549 1184 1575 ars
1215 1549 1251 1578 5.
1280 1531 1433 1593 discip
1418 1531 1541 1575 lina

122 1613 219 1657 pro
266 1613 464 1643 summa
502 1614 712 1652 eorum,
761 1616 886 1663 quae
924 1604 973 1644 in
1008 1595 1186 1642 habitu
1219 1605 1267 1643 et
1317 1603 1539 1659 positura

124 1664 353 1709 siderum
395 1664 622 1709 accidere
661 1673 898 1726 possunt,
943 1657 1267 1711 multitudine
1307 1671 1355 1710 et
1385 1669 1537 1709 varie-

121 1735 271 1782 tate,
292 1747 416 1792 quae
447 1730 594 1774 simul
620 1731 831 1792 singulis
869 1730 1016 1778 rebus
1054 1730 1286 1774 humanis
1315 1738 1427 1777 sunt
1461 1732 1540 1775 ad-

123 1796 524 1852 commodanda,
574 1803 648 1858 tot
656 1797 989 1865 complicatis
1012 1797 1364 1858 perplexisque
1399 1812 1536 1858 piae

124 1863 280 1923 ceptis
314 1880 364 1908 se
398 1863 615 1909 invicem
663 1862 798 1908 varie
838 1856 915 1908 iel
967 1859 1407 1915 confirmantibus,
1459 1862 1534 1907 vel

120 1929 575 2007 restringentihus,
613 1930 689 1974 v'el
725 1936 929 1991 proi-”sus
968 1928 1285 1982 tollentibus,
1324 1929 1535 1981 referta,

120 1995 372 2045 (accedit
381 2001 442 2041 et
475 1992 705 2055 ipsorum
749 1995 1119 2057 astiologorum
1167 1999 1215 2037 in
1254 1995 1424 2040 multis
1464 2012 1536 2040 re-

120 2061 216 2109 bus
258 2063 565 2125 gravissimis
609 2067 976 2129 repugnantia)
1020 2069 1076 2106 ut
1113 2059 1216 2122 ejus
1246 2078 1445 2106 omnem
1486 2069 1535 2106 et

121 2145 291 2173 veram
338 2129 591 2185 indolem,
644 2131 808 2191 qiioad
851 2128 1055 2190 quidem
1090 2128 1225 2191 leges
1257 2128 1533 2189 generalio-

120 2212 228 2249 res,
266 2196 437 2255 paucis
468 2193 617 2242 simul
652 2203 700 2253 et
731 2195 992 2258 perspicue
1017 2210 1310 2255 exponere,
1346 2195 1531 2259 perdif-

126 2260 259 2306 ilcile
286 2267 364 2307 sit.

253 2328 321 2372 Ex
344 2329 537 2388 ingenti
572 2344 747 2373 eorum
774 2333 822 2372 in
854 2326 955 2371 lato
983 2326 1111 2371 coeli
1139 2343 1312 2388 campo
1340 2332 1530 2386 conspi

121 2399 353 2448 ciuntur,
402 2401 737 2439 inerrantium
769 2393 993 2439 siderum
1027 2393 1349 2439 multitudine
1370 2426 1382 2446 ‚
1423 2392 1526 2452 qui-

117 2459 317 2520 busque
355 2463 589 2507 omnibus
621 2478 710 2523 pro
750 2460 995 2523 singulari
1045 2458 1282 2520 cujusque
1325 2465 1375 2503 in
1415 2459 1525 2519 ipso

118 2528 275 2571 natali
315 2537 575 2573 momento
621 2534 721 2573 situ
763 2526 1034 2588 singularis
1067 2526 1246 2588 aliquis
1280 2532 1329 2570 in
1366 2525 1527 2569 homi-

118 2610 237 2637 nem
265 2602 554 2640 nascentem
591 2594 792 2639 effectus
825 2599 1039 2639 maxime
1078 2611 1134 2638 ex
1171 2598 1323 2654 ipsius
1362 2591 1522 2652 signi,

116 2675 218 2721 quo
257 2660 453 2721 singula
484 2670 616 2713 astra
654 2660 748 2708 sihi
781 2660 1015 2707 exhihere
1042 2659 1233 2723 placuit
1267 2659 1519 2706 humanae
