<?xml version="1.0" encoding="UTF-8"?>
<!DOCTYPE html PUBLIC "-//W3C//DTD XHTML 1.0 Transitional//EN"
    "http://www.w3.org/TR/xhtml1/DTD/xhtml1-transitional.dtd">
<html xmlns="http://www.w3.org/1999/xhtml" xml:lang="en" lang="en">
 <head>
  <title>
</title>
<meta http-equiv="Content-Type" content="text/html;charset=utf-8" />
  <meta name='ocr-system' content='tesseract 3.04.00' />
  <meta name='ocr-capabilities' content='ocr_page ocr_carea ocr_par ocr_line ocrx_word'/>
</head>
<body>
  <div class='ocr_page' id='page_1' title='image "./quintihoratiifla02horauoft/quintihoratiifla02horauoft_0179.png"; bbox 0 0 1737 3054; ppageno 0'>
   <div class='ocr_carea' id='block_1_1' title="bbox 609 187 985 227">
    <p class='ocr_par' dir='ltr' id='par_1_1' title="bbox 609 187 985 227">
     <span class='ocr_line' id='line_1_1' title="bbox 609 187 985 227; baseline -0.008 -20"><span class='ocrx_word' id='word_1_1' title='bbox 609 187 985 227; x_wconf 49' lang='lat' dir='ltr'>*ns-</span> 
     </span>
    </p>
   </div>
   <div class='ocr_carea' id='block_1_2' title="bbox 84 286 1496 2684">
    <p class='ocr_par' dir='ltr' id='par_1_2' title="bbox 96 286 1492 518">
     <span class='ocr_line' id='line_1_2' title="bbox 96 286 1488 339; baseline 0.006 -15"><span class='ocrx_word' id='word_1_2' title='bbox 96 297 183 324; x_wconf 73' lang='lat' dir='ltr'>suae</span> <span class='ocrx_word' id='word_1_3' title='bbox 207 287 251 324; x_wconf 69' lang='lat' dir='ltr'>‹le</span> <span class='ocrx_word' id='word_1_4' title='bbox 272 288 420 335; x_wconf 54' lang='lat' dir='ltr'>tugnsti</span> <span class='ocrx_word' id='word_1_5' title='bbox 440 289 570 324; x_wconf 83' lang='lat' dir='ltr'>mortui</span> <span class='ocrx_word' id='word_1_6' title='bbox 592 300 738 326; x_wconf 84' lang='lat' dir='ltr'>rumore</span> <span class='ocrx_word' id='word_1_7' title='bbox 759 286 987 339; x_wconf 77' lang='lat' dir='ltr'>praesidium</span> <span class='ocrx_word' id='word_1_8' title='bbox 1007 293 1170 337; x_wconf 83' lang='lat' dir='ltr'>ponunt,</span> <span class='ocrx_word' id='word_1_9' title='bbox 1195 287 1243 322; x_wconf 75' lang='lat' dir='ltr'>ad</span> <span class='ocrx_word' id='word_1_10' title='bbox 1264 295 1377 325; x_wconf 77' lang='lat' dir='ltr'>totam</span> <span class='ocrx_word' id='word_1_11' title='bbox 1392 286 1488 337; x_wconf 58' lang='grc' dir='ltr'>ῥῆσθ</span> 
     </span>
     <span class='ocr_line' id='line_1_3' title="bbox 100 349 1492 400; baseline 0.001 -15"><span class='ocrx_word' id='word_1_12' title='bbox 100 358 239 400; x_wconf 69' lang='lat' dir='ltr'>spectat</span> <span class='ocrx_word' id='word_1_13' title='bbox 254 375 265 390; x_wconf 88' lang='lat'><strong>,</strong></span> <span class='ocrx_word' id='word_1_14' title='bbox 288 353 455 384; x_wconf 83' lang='lat' dir='ltr'>nimirum</span> <span class='ocrx_word' id='word_1_15' title='bbox 483 351 606 399; x_wconf 81' lang='lat' dir='ltr'>coepti</span> <span class='ocrx_word' id='word_1_16' title='bbox 627 349 720 385; x_wconf 85' lang='lat' dir='ltr'>belli</span> <span class='ocrx_word' id='word_1_17' title='bbox 748 350 886 386; x_wconf 77' lang='lat' dir='ltr'>famam</span> <span class='ocrx_word' id='word_1_18' title='bbox 907 350 1085 385; x_wconf 85' lang='lat' dir='ltr'>victoriae</span> <span class='ocrx_word' id='word_1_19' title='bbox 1107 351 1232 384; x_wconf 80' lang='lat' dir='ltr'>statim</span> <span class='ocrx_word' id='word_1_20' title='bbox 1251 357 1412 385; x_wconf 77' lang='lat' dir='ltr'>secutam</span> <span class='ocrx_word' id='word_1_21' title='bbox 1438 363 1492 387; x_wconf 76' lang='lat' dir='ltr'>es-</span> 
     </span>
     <span class='ocr_line' id='line_1_4' title="bbox 99 407 1489 462; baseline 0.001 -18"><span class='ocrx_word' id='word_1_22' title='bbox 99 425 137 445; x_wconf 68' lang='lat' dir='ltr'>ee</span> <span class='ocrx_word' id='word_1_23' title='bbox 163 410 303 447; x_wconf 51' lang='lat' dir='ltr'>famam.</span> <span class='ocrx_word' id='word_1_24' title='bbox 326 428 370 437; x_wconf 89' lang='lat'><em>-</em></span> <span class='ocrx_word' id='word_1_25' title='bbox 404 410 545 444; x_wconf 73' lang='lat' dir='ltr'>Caesar</span> <span class='ocrx_word' id='word_1_26' title='bbox 569 411 713 456; x_wconf 81' lang='lat' dir='ltr'>victor,</span> <span class='ocrx_word' id='word_1_27' title='bbox 743 419 847 462; x_wconf 85' lang='lat' dir='ltr'>parta</span> <span class='ocrx_word' id='word_1_28' title='bbox 864 411 994 453; x_wconf 83' lang='lat' dir='ltr'>laura,</span> <span class='ocrx_word' id='word_1_29' title='bbox 1017 407 1240 459; x_wconf 76' lang='lat' dir='ltr'>perdomItis</span> <span class='ocrx_word' id='word_1_30' title='bbox 1265 408 1489 452; x_wconf 74' lang='lat' dir='ltr'>Cantabris,</span> 
     </span>
     <span class='ocr_line' id='line_1_5' title="bbox 96 471 1084 518; baseline 0.003 -14"><span class='ocrx_word' id='word_1_31' title='bbox 96 471 278 514; x_wconf 77' lang='lat' dir='ltr'>Penates,</span> <span class='ocrx_word' id='word_1_32' title='bbox 299 471 476 513; x_wconf 70' lang='lat' dir='ltr'>domum,</span> <span class='ocrx_word' id='word_1_33' title='bbox 503 471 653 507; x_wconf 77' lang='lat' dir='ltr'>Italiam</span> <span class='ocrx_word' id='word_1_34' title='bbox 675 474 814 508; x_wconf 77' lang='lat' dir='ltr'>revisit.</span> <span class='ocrx_word' id='word_1_35' title='bbox 1081 513 1084 518; x_wconf 31' lang='grc'>1</span> 
     </span>
    </p>

    <p class='ocr_par' dir='ltr' id='par_1_3' title="bbox 84 531 1496 2310">
     <span class='ocr_line' id='line_1_6' title="bbox 186 531 1493 584; baseline -0.006 -11"><span class='ocrx_word' id='word_1_36' title='bbox 186 547 219 568; x_wconf 79' lang='lat' dir='ltr'>v·</span> <span class='ocrx_word' id='word_1_37' title='bbox 234 540 268 573; x_wconf 79' lang='lat'>5·</span> <span class='ocrx_word' id='word_1_38' title='bbox 292 531 592 581; x_wconf 62' lang='lat' dir='ltr'>supplicationes</span> <span class='ocrx_word' id='word_1_39' title='bbox 611 548 678 584; x_wconf 85' lang='lat' dir='ltr'>pro</span> <span class='ocrx_word' id='word_1_40' title='bbox 692 533 794 570; x_wconf 84' lang='lat' dir='ltr'>felici</span> <span class='ocrx_word' id='word_1_41' title='bbox 812 536 966 581; x_wconf 81' lang='lat' dir='ltr'>Augusti</span> <span class='ocrx_word' id='word_1_42' title='bbox 981 532 1102 570; x_wconf 85' lang='lat' dir='ltr'>reditu</span> <span class='ocrx_word' id='word_1_43' title='bbox 1121 533 1169 568; x_wconf 79' lang='lat' dir='ltr'>ad</span> <span class='ocrx_word' id='word_1_44' title='bbox 1184 533 1305 568; x_wconf 82' lang='lat' dir='ltr'>omnia</span> <span class='ocrx_word' id='word_1_45' title='bbox 1325 531 1493 567; x_wconf 82' lang='lat' dir='ltr'>Deorum</span> 
     </span>
     <span class='ocr_line' id='line_1_7' title="bbox 95 592 1493 648; baseline -0.002 -18"><span class='ocrx_word' id='word_1_46' title='bbox 95 595 298 646; x_wconf 74' lang='lat' dir='ltr'>pulvinaria</span> <span class='ocrx_word' id='word_1_47' title='bbox 322 592 491 630; x_wconf 79' lang='lat' dir='ltr'>decretas</span> <span class='ocrx_word' id='word_1_48' title='bbox 515 596 705 642; x_wconf 77' lang='lat' dir='ltr'>magnifice</span> <span class='ocrx_word' id='word_1_49' title='bbox 731 597 965 648; x_wconf 74' lang='lat' dir='ltr'>persequitur</span> <span class='ocrx_word' id='word_1_50' title='bbox 989 603 1125 645; x_wconf 87' lang='lat' dir='ltr'>poeta,</span> <span class='ocrx_word' id='word_1_51' title='bbox 1151 606 1332 644; x_wconf 85' lang='lat' dir='ltr'>pompam</span> <span class='ocrx_word' id='word_1_52' title='bbox 1358 601 1493 629; x_wconf 85' lang='lat' dir='ltr'>matro-</span> 
     </span>
     <span class='ocr_line' id='line_1_8' title="bbox 94 654 1494 706; baseline -0.003 -14"><span class='ocrx_word' id='word_1_53' title='bbox 94 669 246 699; x_wconf 83' lang='lat' dir='ltr'>narum,</span> <span class='ocrx_word' id='word_1_54' title='bbox 277 665 356 690; x_wconf 80' lang='lat' dir='ltr'>vota</span> <span class='ocrx_word' id='word_1_55' title='bbox 381 669 446 706; x_wconf 87' lang='lat' dir='ltr'>pro</span> <span class='ocrx_word' id='word_1_56' title='bbox 474 659 694 692; x_wconf 78' lang='lat' dir='ltr'>maritorum</span> <span class='ocrx_word' id='word_1_57' title='bbox 711 682 722 700; x_wconf 95' lang='lat'><em>,</em></span> <span class='ocrx_word' id='word_1_58' title='bbox 760 657 927 702; x_wconf 68' lang='lat' dir='ltr'>fratrum,</span> <span class='ocrx_word' id='word_1_59' title='bbox 948 658 1122 699; x_wconf 86' lang='lat' dir='ltr'>filiorum,</span> <span class='ocrx_word' id='word_1_60' title='bbox 1150 669 1369 703; x_wconf 83' lang='lat' dir='ltr'>generorum</span> <span class='ocrx_word' id='word_1_61' title='bbox 1389 654 1494 690; x_wconf 82' lang='lat' dir='ltr'>deni-</span> 
     </span>
     <span class='ocr_line' id='line_1_9' title="bbox 93 716 1494 770; baseline -0.002 -17"><span class='ocrx_word' id='word_1_62' title='bbox 93 731 165 770; x_wconf 83' lang='lat' dir='ltr'>que</span> <span class='ocrx_word' id='word_1_63' title='bbox 189 718 306 753; x_wconf 84' lang='lat' dir='ltr'>reditu</span> <span class='ocrx_word' id='word_1_64' title='bbox 328 727 496 767; x_wconf 78' lang='lat' dir='ltr'>suscepta</span> <span class='ocrx_word' id='word_1_65' title='bbox 522 721 615 754; x_wconf 79' lang='lat' dir='ltr'>inter</span> <span class='ocrx_word' id='word_1_66' title='bbox 643 732 745 754; x_wconf 76' lang='lat' dir='ltr'>sacra</span> <span class='ocrx_word' id='word_1_67' title='bbox 767 719 922 768; x_wconf 83' lang='lat' dir='ltr'>publica</span> <span class='ocrx_word' id='word_1_68' title='bbox 948 718 1171 755; x_wconf 85' lang='lat' dir='ltr'>solventium</span> <span class='ocrx_word' id='word_1_69' title='bbox 1195 716 1388 764; x_wconf 74' lang='lat' dir='ltr'>sigillatim</span> <span class='ocrx_word' id='word_1_70' title='bbox 1412 727 1494 765; x_wconf 84' lang='lat' dir='ltr'>per-</span> 
     </span>
     <span class='ocr_line' id='line_1_10' title="bbox 91 778 1493 830; baseline -0.004 -14"><span class='ocrx_word' id='word_1_71' title='bbox 91 780 287 816; x_wconf 76' lang='lat' dir='ltr'>censendo.</span> <span class='ocrx_word' id='word_1_72' title='bbox 303 799 348 807; x_wconf 94' lang='lat'><strong>—</strong></span> <span class='ocrx_word' id='word_1_73' title='bbox 372 780 531 823; x_wconf 72' lang='lat' dir='ltr'>lllulier,</span> <span class='ocrx_word' id='word_1_74' title='bbox 557 781 689 823; x_wconf 80' lang='lat' dir='ltr'>Livia3</span> <span class='ocrx_word' id='word_1_75' title='bbox 718 781 816 827; x_wconf 84' lang='lat' dir='ltr'>quod</span> <span class='ocrx_word' id='word_1_76' title='bbox 831 789 935 830; x_wconf 86' lang='lat' dir='ltr'>patet</span> <span class='ocrx_word' id='word_1_77' title='bbox 957 792 1005 816; x_wconf 75' lang='lat' dir='ltr'>ex</span> <span class='ocrx_word' id='word_1_78' title='bbox 1028 780 1204 828; x_wconf 80' lang='lat' dir='ltr'>adjectis,</span> <span class='ocrx_word' id='word_1_79' title='bbox 1224 778 1400 824; x_wconf 60' lang='lat' dir='ltr'>gaudem</span> <span class='ocrx_word' id='word_1_80' title='bbox 1411 788 1493 811; x_wconf 90' lang='lat' dir='ltr'>ma-</span> 
     </span>
     <span class='ocr_line' id='line_1_11' title="bbox 91 841 1493 893; baseline 0.001 -19"><span class='ocrx_word' id='word_1_81' title='bbox 91 841 190 882; x_wconf 83' lang='lat' dir='ltr'>rito,</span> <span class='ocrx_word' id='word_1_82' title='bbox 228 854 315 877; x_wconf 85' lang='lat' dir='ltr'>uxor</span> <span class='ocrx_word' id='word_1_83' title='bbox 347 845 466 879; x_wconf 82' lang='lat' dir='ltr'>mariti</span> <span class='ocrx_word' id='word_1_84' title='bbox 500 842 622 887; x_wconf 82' lang='lat' dir='ltr'>(illud</span> <span class='ocrx_word' id='word_1_85' title='bbox 649 851 768 879; x_wconf 81' lang='lat' dir='ltr'>tamen</span> <span class='ocrx_word' id='word_1_86' title='bbox 801 857 873 878; x_wconf 87' lang='lat' dir='ltr'>non</span> <span class='ocrx_word' id='word_1_87' title='bbox 899 848 978 878; x_wconf 88' lang='lat' dir='ltr'>sine</span> <span class='ocrx_word' id='word_1_88' title='bbox 1002 844 1057 882; x_wconf 70' lang='grc' dir='ltr'>νῆ’,</span> <span class='ocrx_word' id='word_1_89' title='bbox 1087 854 1183 893; x_wconf 85' lang='lat' dir='ltr'>quae</span> <span class='ocrx_word' id='word_1_90' title='bbox 1209 841 1414 887; x_wconf 79' lang='lat' dir='ltr'>gloriatur,</span> <span class='ocrx_word' id='word_1_91' title='bbox 1440 842 1493 888; x_wconf 85' lang='lat' dir='ltr'>ja-</span> 
     </span>
     <span class='ocr_line' id='line_1_12' title="bbox 95 902 1493 954; baseline -0.004 -14"><span class='ocrx_word' id='word_1_92' title='bbox 95 911 169 940; x_wconf 70' lang='lat' dir='ltr'>ctat</span> <span class='ocrx_word' id='word_1_93' title='bbox 197 917 302 947; x_wconf 72' lang='lat' dir='ltr'>sese,</span> <span class='ocrx_word' id='word_1_94' title='bbox 337 904 402 940; x_wconf 77' lang='lat' dir='ltr'>tali</span> <span class='ocrx_word' id='word_1_95' title='bbox 430 906 508 940; x_wconf 82' lang='lat' dir='ltr'>viro</span> <span class='ocrx_word' id='word_1_96' title='bbox 534 907 671 954; x_wconf 85' lang='lat' dir='ltr'>nupta)</span> <span class='ocrx_word' id='word_1_97' title='bbox 705 905 833 947; x_wconf 80' lang='lat' dir='ltr'>unici,</span> <span class='ocrx_word' id='word_1_98' title='bbox 863 906 930 938; x_wconf 87' lang='lat' dir='ltr'>viri</span> <span class='ocrx_word' id='word_1_99' title='bbox 950 905 1060 952; x_wconf 82' lang='lat' dir='ltr'>plane</span> <span class='ocrx_word' id='word_1_100' title='bbox 1096 902 1312 950; x_wconf 80' lang='lat' dir='ltr'>singularis,</span> <span class='ocrx_word' id='word_1_101' title='bbox 1349 902 1493 949; x_wconf 77' lang='lat' dir='ltr'>egregii</span> 
     </span>
     <span class='ocr_line' id='line_1_13' title="bbox 89 963 1496 1015; baseline -0.001 -15"><span class='ocrx_word' id='word_1_102' title='bbox 89 970 162 1008; x_wconf 85' lang='lat' dir='ltr'>(ut</span> <span class='ocrx_word' id='word_1_103' title='bbox 197 967 225 1000; x_wconf 83' lang='grc' dir='ltr'>Ι.</span> <span class='ocrx_word' id='word_1_104' title='bbox 249 966 282 1001; x_wconf 80' lang='grc'>6.</span> <span class='ocrx_word' id='word_1_105' title='bbox 309 977 362 1002; x_wconf 85' lang='lat'>11.</span> <span class='ocrx_word' id='word_1_106' title='bbox 388 974 423 1000; x_wconf 88' lang='lat' dir='ltr'>et</span> <span class='ocrx_word' id='word_1_107' title='bbox 448 965 519 999; x_wconf 82' lang='lat'>111.</span> <span class='ocrx_word' id='word_1_108' title='bbox 555 976 610 1012; x_wconf 76' lang='lat'>⁹5·</span> <span class='ocrx_word' id='word_1_109' title='bbox 631 967 720 1009; x_wconf 81' lang='lat'><strong>4.);</strong></span> <span class='ocrx_word' id='word_1_110' title='bbox 755 965 1062 1015; x_wconf 82' lang='lat' dir='ltr'>splendidissima</span> <span class='ocrx_word' id='word_1_111' title='bbox 1096 966 1233 1000; x_wconf 82' lang='lat' dir='ltr'>haecce</span> <span class='ocrx_word' id='word_1_112' title='bbox 1256 963 1411 1011; x_wconf 78' lang='lat' dir='ltr'>Augusti</span> <span class='ocrx_word' id='word_1_113' title='bbox 1435 970 1496 998; x_wconf 84' lang='lat' dir='ltr'>est</span> 
     </span>
     <span class='ocr_line' id='line_1_14' title="bbox 94 1022 1494 1077; baseline -0.001 -16"><span class='ocrx_word' id='word_1_114' title='bbox 94 1027 325 1073; x_wconf 72' lang='lat' dir='ltr'>designatio,</span> <span class='ocrx_word' id='word_1_115' title='bbox 358 1038 471 1077; x_wconf 84' lang='lat' dir='ltr'>quam</span> <span class='ocrx_word' id='word_1_116' title='bbox 496 1027 603 1076; x_wconf 77' lang='lat' dir='ltr'>plane</span> <span class='ocrx_word' id='word_1_117' title='bbox 636 1026 807 1067; x_wconf 77' lang='lat' dir='ltr'><strong>abolent,</strong></span> <span class='ocrx_word' id='word_1_118' title='bbox 843 1028 904 1077; x_wconf 84' lang='lat' dir='ltr'>qui</span> <span class='ocrx_word' id='word_1_119' title='bbox 932 1026 1151 1075; x_wconf 76' lang='lat' dir='ltr'><strong>pedestrem</strong></span> <span class='ocrx_word' id='word_1_120' title='bbox 1179 1032 1316 1073; x_wconf 83' lang='lat' dir='ltr'>poetae</span> <span class='ocrx_word' id='word_1_121' title='bbox 1336 1022 1494 1060; x_wconf 73' lang='lat' dir='ltr'>formam</span> 
     </span>
     <span class='ocr_line' id='line_1_15' title="bbox 89 1085 1494 1139; baseline -0.001 -16"><span class='ocrx_word' id='word_1_122' title='bbox 89 1088 316 1130; x_wconf 86' lang='lat' dir='ltr'>obtrudunt,</span> <span class='ocrx_word' id='word_1_123' title='bbox 353 1088 567 1138; x_wconf 78' lang='lat' dir='ltr'>dictumque</span> <span class='ocrx_word' id='word_1_124' title='bbox 603 1101 684 1123; x_wconf 79' lang='lat' dir='ltr'>esse</span> <span class='ocrx_word' id='word_1_125' title='bbox 712 1088 837 1123; x_wconf 72' lang='lat' dir='ltr'>volunt</span> <span class='ocrx_word' id='word_1_126' title='bbox 859 1101 926 1139; x_wconf 85' lang='lat' dir='ltr'>pro</span> <span class='ocrx_word' id='word_1_127' title='bbox 944 1114 954 1130; x_wconf 89' lang='lat'>,</span> <span class='ocrx_word' id='word_1_128' title='bbox 991 1101 1083 1139; x_wconf 83' lang='lat' dir='ltr'>quae</span> <span class='ocrx_word' id='word_1_129' title='bbox 1123 1086 1256 1130; x_wconf 79' lang='lat' dir='ltr'>unice,</span> <span class='ocrx_word' id='word_1_130' title='bbox 1278 1085 1392 1121; x_wconf 51' lang='lat' dir='ltr'>¹nulla</span> <span class='ocrx_word' id='word_1_131' title='bbox 1420 1087 1494 1121; x_wconf 79' lang='lat' dir='ltr'>alia</span> 
     </span>
     <span class='ocr_line' id='line_1_16' title="bbox 91 1148 1495 1200; baseline -0.002 -14"><span class='ocrx_word' id='word_1_132' title='bbox 91 1163 129 1186; x_wconf 84' lang='lat' dir='ltr'>re</span> <span class='ocrx_word' id='word_1_133' title='bbox 153 1158 298 1199; x_wconf 81' lang='lat' dir='ltr'>praeter</span> <span class='ocrx_word' id='word_1_134' title='bbox 321 1162 401 1185; x_wconf 83' lang='lat' dir='ltr'>eum</span> <span class='ocrx_word' id='word_1_135' title='bbox 419 1150 580 1194; x_wconf 76' lang='lat' dir='ltr'>gaudet,</span> <span class='ocrx_word' id='word_1_136' title='bbox 606 1152 807 1186; x_wconf 75' lang='lat' dir='ltr'>tenerrime</span> <span class='ocrx_word' id='word_1_137' title='bbox 836 1164 918 1186; x_wconf 88' lang='lat' dir='ltr'>eum</span> <span class='ocrx_word' id='word_1_138' title='bbox 942 1163 1098 1191; x_wconf 77' lang='lat' dir='ltr'>aman53</span> <span class='ocrx_word' id='word_1_139' title='bbox 1121 1160 1216 1200; x_wconf 84' lang='lat' dir='ltr'>quae</span> <span class='ocrx_word' id='word_1_140' title='bbox 1242 1148 1419 1184; x_wconf 76' lang='lat' dir='ltr'>Livianae</span> <span class='ocrx_word' id='word_1_141' title='bbox 1431 1150 1495 1197; x_wconf 73' lang='lat' dir='ltr'>pu·</span> 
     </span>
     <span class='ocr_line' id='line_1_17' title="bbox 90 1203 1489 1262; baseline -0.003 -17"><span class='ocrx_word' id='word_1_142' title='bbox 90 1210 244 1246; x_wconf 71' lang='lat' dir='ltr'>diuitiae</span> <span class='ocrx_word' id='word_1_143' title='bbox 266 1211 342 1246; x_wconf 74' lang='lat' dir='ltr'>laus</span> <span class='ocrx_word' id='word_1_144' title='bbox 369 1212 456 1246; x_wconf 80' lang='lat' dir='ltr'>satis</span> <span class='ocrx_word' id='word_1_145' title='bbox 480 1215 606 1260; x_wconf 80' lang='lat' dir='ltr'>jejuna</span> <span class='ocrx_word' id='word_1_146' title='bbox 632 1220 740 1262; x_wconf 76' lang='lat' dir='ltr'>atque</span> <span class='ocrx_word' id='word_1_147' title='bbox 761 1212 888 1248; x_wconf 74' lang='lat' dir='ltr'>aliena</span> <span class='ocrx_word' id='word_1_148' title='bbox 911 1210 959 1246; x_wconf 87' lang='lat' dir='ltr'>ab</span> <span class='ocrx_word' id='word_1_149' title='bbox 984 1212 1019 1246; x_wconf 81' lang='lat' dir='ltr'>h.</span> <span class='ocrx_word' id='word_1_150' title='bbox 1041 1211 1067 1245; x_wconf 85' lang='lat' dir='ltr'>l.</span> <span class='ocrx_word' id='word_1_151' title='bbox 1093 1203 1171 1251; x_wconf 84' lang='lat' dir='ltr'>est,</span> <span class='ocrx_word' id='word_1_152' title='bbox 1197 1221 1279 1244; x_wconf 89' lang='lat' dir='ltr'>cum</span> <span class='ocrx_word' id='word_1_153' title='bbox 1303 1209 1489 1256; x_wconf 80' lang='lat' dir='ltr'>Angustus</span> 
     </span>
     <span class='ocr_line' id='line_1_18' title="bbox 93 1269 1493 1322; baseline -0.002 -14"><span class='ocrx_word' id='word_1_154' title='bbox 93 1272 331 1309; x_wconf 80' lang='lat' dir='ltr'>extollendus</span> <span class='ocrx_word' id='word_1_155' title='bbox 359 1281 471 1308; x_wconf 82' lang='lat' dir='ltr'>esset.</span> <span class='ocrx_word' id='word_1_156' title='bbox 499 1273 594 1308; x_wconf 88' lang='lat' dir='ltr'>Hinc</span> <span class='ocrx_word' id='word_1_157' title='bbox 620 1273 720 1309; x_wconf 85' lang='lat' dir='ltr'>idem</span> <span class='ocrx_word' id='word_1_158' title='bbox 745 1287 831 1308; x_wconf 84' lang='lat' dir='ltr'>mox</span> <span class='ocrx_word' id='word_1_159' title='bbox 857 1273 983 1306; x_wconf 78' lang='lat' dir='ltr'>clarus</span> <span class='ocrx_word' id='word_1_160' title='bbox 1007 1274 1093 1308; x_wconf 84' lang='lat' dir='ltr'>Dux</span> <span class='ocrx_word' id='word_1_161' title='bbox 1115 1269 1327 1322; x_wconf 82' lang='lat' dir='ltr'>adpellatus</span> <span class='ocrx_word' id='word_1_162' title='bbox 1352 1280 1493 1316; x_wconf 82' lang='lat' dir='ltr'><strong>v.7.—-</strong></span> 
     </span>
     <span class='ocr_line' id='line_1_19' title="bbox 87 1331 1494 1386; baseline -0.004 -17"><span class='ocrx_word' id='word_1_163' title='bbox 87 1335 302 1383; x_wconf 81' lang='lat' dir='ltr'>6.prodeat</span> <span class='ocrx_word' id='word_1_164' title='bbox 318 1361 328 1375; x_wconf 89' lang='lat'><em>‚</em></span> <span class='ocrx_word' id='word_1_165' title='bbox 357 1347 533 1383; x_wconf 68' lang='lat' dir='ltr'>pompam</span> <span class='ocrx_word' id='word_1_166' title='bbox 558 1332 666 1369; x_wconf 76' lang='lat' dir='ltr'>ducat</span> <span class='ocrx_word' id='word_1_167' title='bbox 685 1347 697 1377; x_wconf 68' lang='grc' dir='ltr'><strong>ς</strong></span> <span class='ocrx_word' id='word_1_168' title='bbox 724 1335 941 1386; x_wconf 79' lang='lat' dir='ltr'>exquisitum</span> <span class='ocrx_word' id='word_1_169' title='bbox 959 1333 1109 1370; x_wconf 82' lang='lat' dir='ltr'>verbum</span> <span class='ocrx_word' id='word_1_170' title='bbox 1132 1332 1178 1369; x_wconf 85' lang='lat' dir='ltr'>de</span> <span class='ocrx_word' id='word_1_171' title='bbox 1203 1344 1332 1379; x_wconf 81' lang='lat' dir='ltr'>gressu</span> <span class='ocrx_word' id='word_1_172' title='bbox 1353 1331 1399 1366; x_wconf 87' lang='lat' dir='ltr'>ad</span> <span class='ocrx_word' id='word_1_173' title='bbox 1415 1344 1494 1378; x_wconf 82' lang='lat' dir='ltr'>gra·</span> 
     </span>
     <span class='ocr_line' id='line_1_20' title="bbox 91 1393 1494 1445; baseline -0.004 -12"><span class='ocrx_word' id='word_1_174' title='bbox 91 1400 242 1434; x_wconf 81' lang='lat' dir='ltr'>vitatem</span> <span class='ocrx_word' id='word_1_175' title='bbox 274 1395 492 1445; x_wconf 84' lang='lat' dir='ltr'>composito.</span> <span class='ocrx_word' id='word_1_176' title='bbox 523 1393 666 1431; x_wconf 81' lang='lat' dir='ltr'>Tibull.</span> <span class='ocrx_word' id='word_1_177' title='bbox 694 1395 723 1430; x_wconf 95' lang='grc' dir='ltr'>Ι.</span> <span class='ocrx_word' id='word_1_178' title='bbox 740 1407 775 1439; x_wconf 85' lang='lat'>9.</span> <span class='ocrx_word' id='word_1_179' title='bbox 804 1406 863 1440; x_wconf 85' lang='lat'>70.</span> <span class='ocrx_word' id='word_1_180' title='bbox 899 1395 1013 1441; x_wconf 88' lang='lat' dir='ltr'>Tyrio</span> <span class='ocrx_word' id='word_1_181' title='bbox 1032 1394 1195 1439; x_wconf 85' lang='lat' dir='ltr'><em>prodeat</em></span> <span class='ocrx_word' id='word_1_182' title='bbox 1218 1398 1310 1440; x_wconf 83' lang='lat' dir='ltr'>apta</span> <span class='ocrx_word' id='word_1_183' title='bbox 1327 1393 1426 1427; x_wconf 83' lang='lat' dir='ltr'>sinu.</span> <span class='ocrx_word' id='word_1_184' title='bbox 1447 1406 1494 1419; x_wconf 71' lang='grc'>-</span> 
     </span>
     <span class='ocr_line' id='line_1_21' title="bbox 102 1455 1490 1510; baseline -0.001 -17"><span class='ocrx_word' id='word_1_185' title='bbox 102 1463 263 1503; x_wconf 76' lang='lat' dir='ltr'>operata</span> <span class='ocrx_word' id='word_1_186' title='bbox 280 1483 290 1499; x_wconf 92' lang='lat'><strong><em>‚</em></strong></span> <span class='ocrx_word' id='word_1_187' title='bbox 315 1472 405 1510; x_wconf 79' lang='lat' dir='ltr'>quae</span> <span class='ocrx_word' id='word_1_188' title='bbox 428 1467 622 1509; x_wconf 74' lang='lat' dir='ltr'>operetur,</span> <span class='ocrx_word' id='word_1_189' title='bbox 650 1471 795 1495; x_wconf 77' lang='lat' dir='ltr'>sacrum</span> <span class='ocrx_word' id='word_1_190' title='bbox 823 1457 989 1500; x_wconf 69' lang='lat' dir='ltr'>factm-33</span> <span class='ocrx_word' id='word_1_191' title='bbox 1015 1464 1054 1492; x_wconf 92' lang='lat' dir='ltr'>ut</span> <span class='ocrx_word' id='word_1_192' title='bbox 1086 1455 1197 1491; x_wconf 74' lang='lat' dir='ltr'>Ovid-</span> <span class='ocrx_word' id='word_1_193' title='bbox 1222 1455 1490 1498; x_wconf 80' lang='lat' dir='ltr'><strong>Am.111.635.</strong></span> 
     </span>
     <span class='ocr_line' id='line_1_22' title="bbox 92 1516 1489 1568; baseline -0.002 -14"><span class='ocrx_word' id='word_1_194' title='bbox 92 1519 263 1554; x_wconf 77' lang='lat' dir='ltr'>Laudant</span> <span class='ocrx_word' id='word_1_195' title='bbox 291 1527 327 1554; x_wconf 82' lang='lat' dir='ltr'>et</span> <span class='ocrx_word' id='word_1_196' title='bbox 350 1520 450 1567; x_wconf 69' lang='lat' dir='ltr'>Yirg.</span> <span class='ocrx_word' id='word_1_197' title='bbox 475 1522 545 1556; x_wconf 87' lang='lat' dir='ltr'>Ge.</span> <span class='ocrx_word' id='word_1_198' title='bbox 567 1521 596 1554; x_wconf 88' lang='lat'>1.</span> <span class='ocrx_word' id='word_1_199' title='bbox 618 1529 701 1564; x_wconf 72' lang='lat'><strong>339,</strong></span> <span class='ocrx_word' id='word_1_200' title='bbox 723 1521 855 1568; x_wconf 88' lang='lat' dir='ltr'>Inepte</span> <span class='ocrx_word' id='word_1_201' title='bbox 877 1518 943 1553; x_wconf 83' lang='lat' dir='ltr'>alii</span> <span class='ocrx_word' id='word_1_202' title='bbox 968 1517 1180 1564; x_wconf 79' lang='lat' dir='ltr'>explicant,</span> <span class='ocrx_word' id='word_1_203' title='bbox 1207 1517 1393 1568; x_wconf 86' lang='lat' dir='ltr'>prodeat,</span> <span class='ocrx_word' id='word_1_204' title='bbox 1425 1516 1489 1551; x_wconf 87' lang='lat' dir='ltr'>ubi</span> 
     </span>
     <span class='ocr_line' id='line_1_23' title="bbox 90 1579 1488 1629; baseline -0.001 -13"><span class='ocrx_word' id='word_1_205' title='bbox 90 1579 192 1616; x_wconf 80' lang='lat' dir='ltr'>domi</span> <span class='ocrx_word' id='word_1_206' title='bbox 224 1583 322 1629; x_wconf 79' lang='lat' dir='ltr'>prius</span> <span class='ocrx_word' id='word_1_207' title='bbox 354 1593 499 1616; x_wconf 80' lang='lat' dir='ltr'>sacrum</span> <span class='ocrx_word' id='word_1_208' title='bbox 532 1580 678 1617; x_wconf 85' lang='lat' dir='ltr'>fecerit.</span> <span class='ocrx_word' id='word_1_209' title='bbox 704 1581 930 1616; x_wconf 80' lang='lat' dir='ltr'>Notissimae</span> <span class='ocrx_word' id='word_1_210' title='bbox 962 1588 1083 1616; x_wconf 85' lang='lat' dir='ltr'>autem</span> <span class='ocrx_word' id='word_1_211' title='bbox 1106 1579 1488 1628; x_wconf 78' lang='lat' dir='ltr'>locutionesfacere‚</span> 
     </span>
     <span class='ocr_line' id='line_1_24' title="bbox 87 1642 1488 1692; baseline 0.001 -17"><span class='ocrx_word' id='word_1_212' title='bbox 87 1643 223 1690; x_wconf 68' lang='grc' dir='ltr'>ῥέξειν,</span> <span class='ocrx_word' id='word_1_213' title='bbox 251 1643 404 1688; x_wconf 84' lang='lat' dir='ltr'>operari</span> <span class='ocrx_word' id='word_1_214' title='bbox 422 1643 502 1678; x_wconf 77' lang='lat' dir='ltr'>Diis</span> <span class='ocrx_word' id='word_1_215' title='bbox 518 1669 528 1685; x_wconf 88' lang='lat'><em>,</em></span> <span class='ocrx_word' id='word_1_216' title='bbox 555 1642 603 1677; x_wconf 85' lang='lat' dir='ltr'>de</span> <span class='ocrx_word' id='word_1_217' title='bbox 628 1654 734 1678; x_wconf 84' lang='lat' dir='ltr'>sacro</span> <span class='ocrx_word' id='word_1_218' title='bbox 759 1642 937 1692; x_wconf 76' lang='lat' dir='ltr'>parando.</span> <span class='ocrx_word' id='word_1_219' title='bbox 952 1662 995 1670; x_wconf 89' lang='lat'>—</span> <span class='ocrx_word' id='word_1_220' title='bbox 1010 1642 1130 1685; x_wconf 81' lang='lat' dir='ltr'>justis</span> <span class='ocrx_word' id='word_1_221' title='bbox 1145 1669 1156 1685; x_wconf 88' lang='lat'><em>‚</em></span> <span class='ocrx_word' id='word_1_222' title='bbox 1183 1645 1244 1688; x_wconf 87' lang='lat' dir='ltr'>qui</span> <span class='ocrx_word' id='word_1_223' title='bbox 1269 1644 1459 1678; x_wconf 79' lang='lat' dir='ltr'>victoriam</span> <span class='ocrx_word' id='word_1_224' title='bbox 1477 1667 1488 1682; x_wconf 88' lang='grc'><strong><em>,</em></strong></span> 
     </span>
     <span class='ocr_line' id='line_1_25' title="bbox 87 1692 1488 1755; baseline 0.004 -18"><span class='ocrx_word' id='word_1_225' title='bbox 87 1692 248 1748; x_wconf 35' lang='grc' dir='ltr'>Λιιξςιιεῐίλ</span> <span class='ocrx_word' id='word_1_226' title='bbox 275 1704 400 1738; x_wconf 79' lang='lat' dir='ltr'>virtuti</span> <span class='ocrx_word' id='word_1_227' title='bbox 441 1700 606 1740; x_wconf 68' lang='lat' dir='ltr'>debitam</span> <span class='ocrx_word' id='word_1_228' title='bbox 629 1708 906 1747; x_wconf 76' lang='lat' dir='ltr'>concesserint,</span> <span class='ocrx_word' id='word_1_229' title='bbox 941 1704 1104 1742; x_wconf 79' lang='lat' dir='ltr'>rebelles</span> <span class='ocrx_word' id='word_1_230' title='bbox 1126 1704 1332 1742; x_wconf 85' lang='lat' dir='ltr'>Cantabros</span> <span class='ocrx_word' id='word_1_231' title='bbox 1355 1705 1488 1755; x_wconf 76' lang='lat' dir='ltr'>perdo·</span> 
     </span>
     <span class='ocr_line' id='line_1_26' title="bbox 86 1760 1487 1815; baseline 0.004 -16"><span class='ocrx_word' id='word_1_232' title='bbox 86 1760 324 1800; x_wconf 66' lang='lat' dir='ltr'>uiuerint-Ita</span> <span class='ocrx_word' id='word_1_233' title='bbox 349 1775 401 1803; x_wconf 78' lang='lat' dir='ltr'>est</span> <span class='ocrx_word' id='word_1_234' title='bbox 419 1767 547 1810; x_wconf 80' lang='lat' dir='ltr'>justus</span> <span class='ocrx_word' id='word_1_235' title='bbox 570 1769 791 1815; x_wconf 79' lang='lat' dir='ltr'>triumphus</span> <span class='ocrx_word' id='word_1_236' title='bbox 811 1770 840 1804; x_wconf 86' lang='grc' dir='ltr'>Ι.</span> <span class='ocrx_word' id='word_1_237' title='bbox 861 1779 915 1804; x_wconf 77' lang='lat'>12.</span> <span class='ocrx_word' id='word_1_238' title='bbox 936 1777 993 1810; x_wconf 80' lang='lat'>54.</span> <span class='ocrx_word' id='word_1_239' title='bbox 1015 1767 1125 1803; x_wconf 81' lang='lat' dir='ltr'>ovid.</span> <span class='ocrx_word' id='word_1_240' title='bbox 1146 1766 1265 1802; x_wconf 88' lang='lat' dir='ltr'>Trist.</span> <span class='ocrx_word' id='word_1_241' title='bbox 1289 1767 1354 1802; x_wconf 84' lang='lat' dir='ltr'>IV.</span> <span class='ocrx_word' id='word_1_242' title='bbox 1381 1778 1487 1804; x_wconf 80' lang='lat'>2-11.</span> 
     </span>
     <span class='ocr_line' id='line_1_27' title="bbox 85 1827 1488 1874; baseline 0.001 -12"><span class='ocrx_word' id='word_1_243' title='bbox 85 1829 122 1862; x_wconf 86' lang='lat' dir='ltr'>in</span> <span class='ocrx_word' id='word_1_244' title='bbox 147 1827 260 1862; x_wconf 78' lang='lat' dir='ltr'>simili</span> <span class='ocrx_word' id='word_1_245' title='bbox 283 1840 345 1863; x_wconf 87' lang='lat' dir='ltr'>re:</span> <span class='ocrx_word' id='word_1_246' title='bbox 373 1829 541 1874; x_wconf 83' lang='lat' dir='ltr'>Cumque</span> <span class='ocrx_word' id='word_1_247' title='bbox 567 1827 675 1864; x_wconf 74' lang='lat' dir='ltr'>bonis</span> <span class='ocrx_word' id='word_1_248' title='bbox 703 1830 862 1864; x_wconf 83' lang='lat' dir='ltr'>nuribus</span> <span class='ocrx_word' id='word_1_249' title='bbox 888 1840 957 1873; x_wconf 85' lang='lat' dir='ltr'>pro</span> <span class='ocrx_word' id='word_1_250' title='bbox 983 1828 1126 1874; x_wconf 78' lang='lat' dir='ltr'>sospite</span> <span class='ocrx_word' id='word_1_251' title='bbox 1153 1828 1264 1864; x_wconf 83' lang='lat' dir='ltr'>Livia</span> <span class='ocrx_word' id='word_1_252' title='bbox 1287 1835 1378 1864; x_wconf 78' lang='lat' dir='ltr'>nuto</span> <span class='ocrx_word' id='word_1_253' title='bbox 1404 1842 1488 1864; x_wconf 88' lang='lat' dir='ltr'>mu-</span> 
     </span>
     <span class='ocr_line' id='line_1_28' title="bbox 88 1889 1487 1936; baseline 0.003 -14"><span class='ocrx_word' id='word_1_254' title='bbox 88 1901 179 1923; x_wconf 84' lang='lat' dir='ltr'>nera</span> <span class='ocrx_word' id='word_1_255' title='bbox 201 1889 266 1922; x_wconf 85' lang='lat' dir='ltr'>det</span> <span class='ocrx_word' id='word_1_256' title='bbox 289 1889 438 1923; x_wconf 80' lang='lat' dir='ltr'>meritis</span> <span class='ocrx_word' id='word_1_257' title='bbox 453 1917 463 1933; x_wconf 88' lang='lat'><strong><em>,</em></strong></span> <span class='ocrx_word' id='word_1_258' title='bbox 490 1902 601 1936; x_wconf 83' lang='lat' dir='ltr'>saepe</span> <span class='ocrx_word' id='word_1_259' title='bbox 625 1891 789 1933; x_wconf 84' lang='lat' dir='ltr'>datura,</span> <span class='ocrx_word' id='word_1_260' title='bbox 810 1890 920 1926; x_wconf 72' lang='lat' dir='ltr'>Deis.</span> <span class='ocrx_word' id='word_1_261' title='bbox 946 1910 993 1918; x_wconf 94' lang='lat'><strong>—</strong></span> <span class='ocrx_word' id='word_1_262' title='bbox 1015 1891 1144 1926; x_wconf 88' lang='lat' dir='ltr'>Altera</span> <span class='ocrx_word' id='word_1_263' title='bbox 1166 1903 1189 1924; x_wconf 85' lang='lat' dir='ltr'>a</span> <span class='ocrx_word' id='word_1_264' title='bbox 1214 1891 1349 1934; x_wconf 80' lang='lat' dir='ltr'>Livia,</span> <span class='ocrx_word' id='word_1_265' title='bbox 1377 1903 1487 1926; x_wconf 80' lang='lat' dir='ltr'>soror</span> 
     </span>
     <span class='ocr_line' id='line_1_29' title="bbox 85 1952 1489 2004; baseline 0.001 -17"><span class='ocrx_word' id='word_1_266' title='bbox 85 1952 267 2000; x_wconf 79' lang='lat' dir='ltr'>Augusti,</span> <span class='ocrx_word' id='word_1_267' title='bbox 296 1953 474 1996; x_wconf 74' lang='lat' dir='ltr'>Octavia3</span> <span class='ocrx_word' id='word_1_268' title='bbox 499 1964 573 1989; x_wconf 83' lang='lat' dir='ltr'>turn</span> <span class='ocrx_word' id='word_1_269' title='bbox 597 1960 740 1988; x_wconf 72' lang='lat' dir='ltr'>matres</span> <span class='ocrx_word' id='word_1_270' title='bbox 756 1981 766 1997; x_wconf 93' lang='lat'><em>,</em></span> <span class='ocrx_word' id='word_1_271' title='bbox 791 1955 889 1988; x_wconf 80' lang='lat' dir='ltr'>vitta</span> <span class='ocrx_word' id='word_1_272' title='bbox 921 1953 1112 2001; x_wconf 83' lang='lat' dir='ltr'>supplice,</span> <span class='ocrx_word' id='word_1_273' title='bbox 1142 1965 1247 1989; x_wconf 85' lang='lat' dir='ltr'>more</span> <span class='ocrx_word' id='word_1_274' title='bbox 1279 1954 1489 2004; x_wconf 83' lang='lat' dir='ltr'>supplican-</span> 
     </span>
     <span class='ocr_line' id='line_1_30' title="bbox 84 2014 1488 2068; baseline 0.001 -20"><span class='ocrx_word' id='word_1_275' title='bbox 84 2016 174 2049; x_wconf 87' lang='lat' dir='ltr'>tium</span> <span class='ocrx_word' id='word_1_276' title='bbox 203 2015 381 2058; x_wconf 84' lang='lat' dir='ltr'>decorae,</span> <span class='ocrx_word' id='word_1_277' title='bbox 407 2018 617 2057; x_wconf 83' lang='lat' dir='ltr'>incinctae;</span> <span class='ocrx_word' id='word_1_278' title='bbox 639 2018 737 2068; x_wconf 83' lang='lat' dir='ltr'>quod</span> <span class='ocrx_word' id='word_1_279' title='bbox 762 2016 873 2053; x_wconf 81' lang='lat' dir='ltr'>docte</span> <span class='ocrx_word' id='word_1_280' title='bbox 900 2024 956 2051; x_wconf 84' lang='lat' dir='ltr'>est</span> <span class='ocrx_word' id='word_1_281' title='bbox 979 2029 1044 2062; x_wconf 84' lang='lat' dir='ltr'>pro</span> <span class='ocrx_word' id='word_1_282' title='bbox 1069 2014 1240 2062; x_wconf 85' lang='lat' dir='ltr'>vulgari,</span> <span class='ocrx_word' id='word_1_283' title='bbox 1265 2015 1488 2065; x_wconf 83' lang='lat' dir='ltr'>supplicatu-</span> 
     </span>
     <span class='ocr_line' id='line_1_31' title="bbox 86 2076 1485 2129; baseline 0.001 -19"><span class='ocrx_word' id='word_1_284' title='bbox 86 2088 173 2120; x_wconf 84' lang='lat' dir='ltr'>rae,</span> <span class='ocrx_word' id='word_1_285' title='bbox 198 2086 284 2112; x_wconf 83' lang='lat' dir='ltr'>vota</span> <span class='ocrx_word' id='word_1_286' title='bbox 308 2078 540 2114; x_wconf 79' lang='lat' dir='ltr'>exsoluturae</span> <span class='ocrx_word' id='word_1_287' title='bbox 560 2092 627 2129; x_wconf 88' lang='lat' dir='ltr'>pro</span> <span class='ocrx_word' id='word_1_288' title='bbox 654 2093 870 2125; x_wconf 79' lang='lat' dir='ltr'>generorum</span> <span class='ocrx_word' id='word_1_289' title='bbox 894 2091 937 2112; x_wconf 81' lang='lat' dir='ltr'>ao</span> <span class='ocrx_word' id='word_1_290' title='bbox 960 2076 1119 2111; x_wconf 83' lang='lat' dir='ltr'>filiorum</span> <span class='ocrx_word' id='word_1_291' title='bbox 1154 2076 1290 2113; x_wconf 83' lang='lat' dir='ltr'>reditu.</span> <span class='ocrx_word' id='word_1_292' title='bbox 1332 2077 1381 2111; x_wconf 90' lang='lat' dir='ltr'>Ut</span> <span class='ocrx_word' id='word_1_293' title='bbox 1419 2076 1485 2112; x_wconf 88' lang='lat' dir='ltr'>de·</span> 
     </span>
     <span class='ocr_line' id='line_1_32' title="bbox 87 2138 1487 2188; baseline -0.001 -15"><span class='ocrx_word' id='word_1_294' title='bbox 87 2138 244 2173; x_wconf 83' lang='lat' dir='ltr'>clararet</span> <span class='ocrx_word' id='word_1_295' title='bbox 261 2151 416 2185; x_wconf 82' lang='lat' dir='ltr'>generos</span> <span class='ocrx_word' id='word_1_296' title='bbox 443 2148 566 2188; x_wconf 82' lang='lat' dir='ltr'>poeta,</span> <span class='ocrx_word' id='word_1_297' title='bbox 595 2148 734 2176; x_wconf 76' lang='lat' dir='ltr'>matres</span> <span class='ocrx_word' id='word_1_298' title='bbox 760 2140 958 2184; x_wconf 74' lang='lat' dir='ltr'>virginum</span> <span class='ocrx_word' id='word_1_299' title='bbox 981 2138 1019 2172; x_wconf 86' lang='lat' dir='ltr'>h.</span> <span class='ocrx_word' id='word_1_300' title='bbox 1044 2150 1173 2172; x_wconf 81' lang='lat' dir='ltr'>recens</span> <span class='ocrx_word' id='word_1_301' title='bbox 1199 2146 1391 2185; x_wconf 85' lang='lat' dir='ltr'>nuptarum</span> <span class='ocrx_word' id='word_1_302' title='bbox 1419 2140 1487 2183; x_wconf 83' lang='lat' dir='ltr'>(ut.</span> 
     </span>
     <span class='ocr_line' id='line_1_33' title="bbox 85 2197 1484 2250; baseline 0.005 -21"><span class='ocrx_word' id='word_1_303' title='bbox 85 2197 264 2244; x_wconf 68' lang='grc' dir='ltr'>παρθένοι</span> <span class='ocrx_word' id='word_1_304' title='bbox 288 2200 448 2244; x_wconf 78' lang='lat' dir='ltr'>graecis)</span> <span class='ocrx_word' id='word_1_305' title='bbox 471 2200 579 2236; x_wconf 83' lang='lat' dir='ltr'>docte</span> <span class='ocrx_word' id='word_1_306' title='bbox 603 2202 751 2250; x_wconf 79' lang='lat' dir='ltr'>posuit,</span> <span class='ocrx_word' id='word_1_307' title='bbox 777 2219 824 2225; x_wconf 97' lang='lat'><strong>—</strong></span> <span class='ocrx_word' id='word_1_308' title='bbox 848 2212 968 2247; x_wconf 85' lang='lat' dir='ltr'>nuper</span> <span class='ocrx_word' id='word_1_309' title='bbox 989 2197 1204 2245; x_wconf 80' lang='lat' dir='ltr'>sospitam,</span> <span class='ocrx_word' id='word_1_310' title='bbox 1227 2200 1290 2250; x_wconf 79' lang='lat' dir='ltr'>qui</span> <span class='ocrx_word' id='word_1_311' title='bbox 1324 2212 1440 2250; x_wconf 79' lang='lat' dir='ltr'>nuper</span> <span class='ocrx_word' id='word_1_312' title='bbox 1462 2212 1484 2236; x_wconf 70' lang='grc' dir='ltr'><strong>Θ</strong></span> 
     </span>
     <span class='ocr_line' id='line_1_34' title="bbox 84 2254 884 2310; baseline 0.006 -18"><span class='ocrx_word' id='word_1_313' title='bbox 84 2254 187 2293; x_wconf 82' lang='lat' dir='ltr'>bello</span> <span class='ocrx_word' id='word_1_314' title='bbox 214 2257 438 2295; x_wconf 82' lang='lat' dir='ltr'>Cantabrico</span> <span class='ocrx_word' id='word_1_315' title='bbox 462 2263 620 2310; x_wconf 82' lang='lat' dir='ltr'>sospites</span> <span class='ocrx_word' id='word_1_316' title='bbox 641 2267 884 2297; x_wconf 72' lang='lat' dir='ltr'>reverterunt·</span> 
     </span>
    </p>

    <p class='ocr_par' dir='ltr' id='par_1_4' title="bbox 84 2320 1483 2684">
     <span class='ocr_line' id='line_1_35' title="bbox 178 2320 1483 2374; baseline 0.007 -23"><span class='ocrx_word' id='word_1_317' title='bbox 178 2329 211 2354; x_wconf 85' lang='lat' dir='ltr'>v.</span> <span class='ocrx_word' id='word_1_318' title='bbox 238 2329 294 2355; x_wconf 84' lang='lat'>10.</span> <span class='ocrx_word' id='word_1_319' title='bbox 331 2320 413 2355; x_wconf 81' lang='lat' dir='ltr'>Jam</span> <span class='ocrx_word' id='word_1_320' title='bbox 445 2322 492 2357; x_wconf 83' lang='lat' dir='ltr'>ad</span> <span class='ocrx_word' id='word_1_321' title='bbox 538 2336 603 2358; x_wconf 85' lang='lat' dir='ltr'>eos</span> <span class='ocrx_word' id='word_1_322' title='bbox 634 2336 672 2358; x_wconf 81' lang='lat' dir='ltr'>se</span> <span class='ocrx_word' id='word_1_323' title='bbox 693 2324 872 2358; x_wconf 82' lang='lat' dir='ltr'>convertit</span> <span class='ocrx_word' id='word_1_324' title='bbox 899 2331 1033 2372; x_wconf 84' lang='lat' dir='ltr'>poeta,</span> <span class='ocrx_word' id='word_1_325' title='bbox 1059 2323 1193 2374; x_wconf 83' lang='lat' dir='ltr'>quibus</span> <span class='ocrx_word' id='word_1_326' title='bbox 1216 2321 1357 2359; x_wconf 84' lang='lat' dir='ltr'>bellurn</span> <span class='ocrx_word' id='word_1_327' title='bbox 1383 2323 1483 2360; x_wconf 79' lang='lat' dir='ltr'>istud</span> 
     </span>
     <span class='ocr_line' id='line_1_36' title="bbox 87 2380 1482 2435; baseline 0.004 -19"><span class='ocrx_word' id='word_1_328' title='bbox 87 2380 239 2427; x_wconf 80' lang='lat' dir='ltr'>lugendi</span> <span class='ocrx_word' id='word_1_329' title='bbox 263 2385 452 2418; x_wconf 80' lang='lat' dir='ltr'>materiem</span> <span class='ocrx_word' id='word_1_330' title='bbox 487 2383 720 2431; x_wconf 81' lang='lat' dir='ltr'>praebuerit,</span> <span class='ocrx_word' id='word_1_331' title='bbox 753 2392 972 2435; x_wconf 78' lang='lat' dir='ltr'>monetque,</span> <span class='ocrx_word' id='word_1_332' title='bbox 1006 2399 1052 2420; x_wconf 88' lang='lat' dir='ltr'>ne</span> <span class='ocrx_word' id='word_1_333' title='bbox 1075 2387 1292 2435; x_wconf 84' lang='lat' dir='ltr'>importunis</span> <span class='ocrx_word' id='word_1_334' title='bbox 1314 2386 1482 2422; x_wconf 80' lang='lat' dir='ltr'>lamentis</span> 
     </span>
     <span class='ocr_line' id='line_1_37' title="bbox 85 2444 1481 2498; baseline 0.003 -20"><span class='ocrx_word' id='word_1_335' title='bbox 85 2455 129 2478; x_wconf 86' lang='lat' dir='ltr'>ac</span> <span class='ocrx_word' id='word_1_336' title='bbox 155 2444 317 2495; x_wconf 81' lang='lat' dir='ltr'>querelis</span> <span class='ocrx_word' id='word_1_337' title='bbox 341 2457 529 2480; x_wconf 80' lang='lat' dir='ltr'>sacrorum</span> <span class='ocrx_word' id='word_1_338' title='bbox 557 2446 821 2481; x_wconf 84' lang='lat' dir='ltr'>solennitatem</span> <span class='ocrx_word' id='word_1_339' title='bbox 846 2446 1112 2489; x_wconf 82' lang='lat' dir='ltr'>interturbent,</span> <span class='ocrx_word' id='word_1_340' title='bbox 1128 2461 1171 2483; x_wconf 88' lang='lat' dir='ltr'>ac</span> <span class='ocrx_word' id='word_1_341' title='bbox 1190 2447 1400 2498; x_wconf 86' lang='lat' dir='ltr'>profanent.</span> <span class='ocrx_word' id='word_1_342' title='bbox 1427 2448 1481 2482; x_wconf 81' lang='lat' dir='ltr'>Ex</span> 
     </span>
     <span class='ocr_line' id='line_1_38' title="bbox 85 2506 1482 2559; baseline 0.001 -18"><span class='ocrx_word' id='word_1_343' title='bbox 85 2506 143 2541; x_wconf 76' lang='lat' dir='ltr'>his</span> <span class='ocrx_word' id='word_1_344' title='bbox 170 2509 332 2541; x_wconf 78' lang='lat' dir='ltr'>nominat</span> <span class='ocrx_word' id='word_1_345' title='bbox 355 2515 465 2557; x_wconf 81' lang='lat' dir='ltr'>poeta</span> <span class='ocrx_word' id='word_1_346' title='bbox 488 2521 628 2553; x_wconf 75' lang='lat' dir='ltr'>pueros</span> <span class='ocrx_word' id='word_1_347' title='bbox 644 2536 653 2550; x_wconf 89' lang='lat'><em>‚</em></span> <span class='ocrx_word' id='word_1_348' title='bbox 683 2507 872 2559; x_wconf 80' lang='lat' dir='ltr'>patribus,</span> <span class='ocrx_word' id='word_1_349' title='bbox 900 2516 937 2544; x_wconf 85' lang='lat' dir='ltr'>et</span> <span class='ocrx_word' id='word_1_350' title='bbox 954 2510 1107 2554; x_wconf 82' lang='lat' dir='ltr'>puellas</span> <span class='ocrx_word' id='word_1_351' title='bbox 1118 2509 1200 2553; x_wconf 81' lang='lat' dir='ltr'>jam</span> <span class='ocrx_word' id='word_1_352' title='bbox 1217 2536 1228 2552; x_wconf 89' lang='lat'><strong><em>,</em></strong></span> <span class='ocrx_word' id='word_1_353' title='bbox 1250 2507 1362 2544; x_wconf 86' lang='lat' dir='ltr'>modo</span> <span class='ocrx_word' id='word_1_354' title='bbox 1384 2509 1482 2543; x_wconf 78' lang='lat' dir='ltr'>viro-</span> 
     </span>
     <span class='ocr_line' id='line_1_39' title="bbox 84 2569 1479 2622; baseline 0.003 -21"><span class='ocrx_word' id='word_1_355' title='bbox 84 2579 171 2601; x_wconf 87' lang='lat' dir='ltr'>rum</span> <span class='ocrx_word' id='word_1_356' title='bbox 191 2573 391 2611; x_wconf 72' lang='lat' dir='ltr'>expertes,</span> <span class='ocrx_word' id='word_1_357' title='bbox 420 2570 572 2606; x_wconf 76' lang='lat' dir='ltr'>orbatos</span> <span class='ocrx_word' id='word_1_358' title='bbox 597 2584 664 2620; x_wconf 83' lang='lat' dir='ltr'>per</span> <span class='ocrx_word' id='word_1_359' title='bbox 694 2570 794 2606; x_wconf 71' lang='lat' dir='ltr'>istud</span> <span class='ocrx_word' id='word_1_360' title='bbox 816 2569 970 2614; x_wconf 85' lang='lat' dir='ltr'>bellum,</span> <span class='ocrx_word' id='word_1_361' title='bbox 992 2585 1036 2606; x_wconf 89' lang='lat' dir='ltr'>ne</span> <span class='ocrx_word' id='word_1_362' title='bbox 1060 2570 1203 2616; x_wconf 76' lang='lat' dir='ltr'>dubita,</span> <span class='ocrx_word' id='word_1_363' title='bbox 1228 2570 1410 2622; x_wconf 74' lang='lat' dir='ltr'>quidquid</span> <span class='ocrx_word' id='word_1_364' title='bbox 1426 2572 1479 2605; x_wconf 85' lang='lat' dir='ltr'>in-</span> 
     </span>
     <span class='ocr_line' id='line_1_40' title="bbox 87 2630 1479 2684; baseline 0.003 -18"><span class='ocrx_word' id='word_1_365' title='bbox 87 2635 270 2680; x_wconf 82' lang='lat' dir='ltr'>terpretes</span> <span class='ocrx_word' id='word_1_366' title='bbox 292 2639 419 2668; x_wconf 83' lang='lat' dir='ltr'>contra</span> <span class='ocrx_word' id='word_1_367' title='bbox 437 2630 749 2679; x_wconf 76' lang='lat' dir='ltr'>moveant‚Quod</span> <span class='ocrx_word' id='word_1_368' title='bbox 774 2633 871 2670; x_wconf 78' lang='lat' dir='ltr'>onim</span> <span class='ocrx_word' id='word_1_369' title='bbox 894 2630 1045 2680; x_wconf 77' lang='lat' dir='ltr'>dicunt,</span> <span class='ocrx_word' id='word_1_370' title='bbox 1070 2633 1181 2670; x_wconf 78' lang='lat' dir='ltr'>talem</span> <span class='ocrx_word' id='word_1_371' title='bbox 1209 2637 1287 2684; x_wconf 81' lang='lat' dir='ltr'>ejus</span> <span class='ocrx_word' id='word_1_372' title='bbox 1313 2635 1479 2671; x_wconf 79' lang='lat' dir='ltr'>reimen·</span> 
     </span>
    </p>
   </div>
  </div>
 </body>
</html>
