1737 3054
98 329 165 361 no
190 322 312 360 sunt
338 312 597 375 quaedam
623 313 843 356 Horatii
873 313 1151 365 carmina,
1188 326 1324 370 quae
1355 328 1419 358 ne
1448 329 1483 360 a

96 381 421 426 doctissimis
450 377 658 438 quidem
684 379 823 422 viris
847 379 964 440 legi
993 378 1205 434 cupiam
1223 393 1242 432 ,·
1279 381 1386 422 nisi
1408 382 1484 438 ip-

93 446 146 490 si
172 446 284 490 sint

506 539 511 546 ¹
564 552 731 615 cupidi
757 552 994 598 silvarum
1023 556 1221 615 aptique
1252 551 1483 598 bibendis

342 634 579 680 Fontibus
617 631 885 687 Aonidum,

94 749 202 793 nisi
227 749 447 809 ingenio
484 749 764 806 polleant,
797 746 1108 793 sublimium
1136 747 1484 804 phantasma-

94 820 205 859 tum
242 816 461 872 capaci,
509 821 588 869 et,
624 818 684 856 ut
721 814 964 857 breviter
1009 812 1217 865 dicam,
1253 812 1483 855 Horatio

93 880 204 922 sint
240 880 459 924 similes.
495 901 556 915 --
597 880 729 922 J'am
763 879 1056 931 Horatius,
1103 878 1342 936 Augusti
1371 877 1487 920 lau-

94 945 214 988 dum
254 946 380 988 acri
413 946 612 1003 thyrso
649 956 960 1000 percussus,
1007 944 1377 1001 attonitusque
1405 957 1486 984 re·

93 1026 209 1054 rum
254 1010 666 1069 magnitudine,
712 1009 1081 1067 materiaeque
1123 1007 1488 1064 amplitudine

93 1074 582 1118 excelsissimorum
617 1072 1096 1132 phantasmatum,
1138 1072 1260 1114 inde
1303 1074 1485 1115 animo

93 1139 236 1200 ejus,
273 1139 395 1183 dum
424 1141 602 1199 eloqui
626 1154 689 1182 ea
710 1144 970 1192 conatur,
1002 1136 1335 1196 objectorum
1363 1152 1489 1181 escu-

94 1206 348 1250 berantia
392 1207 472 1250 ita
517 1201 913 1264 confunditur,
948 1209 1016 1246 ‘ut
1048 1208 1211 1247 extra
1251 1218 1305 1247 se
1336 1205 1486 1261 rapi,

91 1271 464 1329 Bacclzicoque
495 1267 706 1330 furore
743 1284 796 1312 se
827 1270 1035 1312 tentari
1071 1268 1364 1313 existimet.
1399 1271 1490 1312 At-

91 1351 190 1395 que
216 1352 273 1379 ιη
299 1333 611 1394 liocfurore
638 1334 924 1409 Bacchico,
949 1334 1042 1392 qui
1063 1347 1160 1391 per
1174 1340 1343 1377 totum
1373 1350 1488 1379 car

92 1416 212 1445 men
243 1402 518 1455 decurrit,
553 1400 626 1444 ad
651 1414 862 1457 prima]
867 1400 975 1442 iam
1001 1413 1123 1458 eJus
1150 1414 1372 1445 causam
1400 1415 1492 1443 esc-

92 1467 474 1524 promendam,
508 1480 599 1509 seu
624 1466 806 1522 potius
845 1466 1059 1516 ani,7no
1093 1466 1347 1524 graviter
1377 1466 1490 1510 ista

92 1534 250 1592 quasi
286 1537 516 1585 vexato,
566 1529 944 1574 excutiendam
975 1544 1154 1573 omnes
1192 1532 1337 1574 vires
1370 1547 1491 1575 con-

96 1604 278 1650 vocat,
307 1597 399 1640 sed
422 1598 476 1639 in
506 1596 621 1653 ipso
648 1593 1066 1639 eluctandarum
1094 1596 1336 1656 Augusti
1369 1597 1490 1640 lau-

93 1663 216 1706 dum
255 1663 358 1709 (rei
382 1663 576 1718 quippe
600 1661 762 1704 nimis
789 1661 1021 1709 arduae)
1061 1662 1346 1705 conamine
1377 1677 1490 1706 sae-

89 1730 214 1785 pius
244 1733 454 1771 tentato
484 1726 787 1770 collabitur
805 1742 870 1770 ac
897 1727 1063 1784 plane
1091 1726 1347 1769 concidit.
1382 1729 1491 1770 Sci-

90 1793 220 1837 licet
248 1794 330 1836 ita
357 1792 560 1836 demum
593 1792 818 1852 dignum
845 1795 1095 1850 Augusto
1123 1792 1358 1850 elogium
1379 1793 1492 1835 exi-

91 1873 148 1902 re
175 1863 427 1916 poterat,
463 1857 605 1917 quod
629 1858 993 1915 splendidius,
1031 1856 1492 1916 disertiusqueju·

89 1923 413 1978 dicandum,
460 1939 617 1982 quam
663 1922 1042 1980 longissimum
1078 1935 1277 1982 perque
1305 1924 1489 1968 omnia

92 1989 312 2034 laudum
339 1995 608 2033 momenta
638 1986 911 2030 diductum
937 2000 1156 2030 carmen
1184 1990 1491 2047 panegyri-

93 2070 208 2098 cum
227 2084 240 2106 ‚
277 2054 435 2113 quale
464 2053 608 2098 illud
627 2051 872 2109 putidum
903 2049 1236 2111 acjejunum
1264 2054 1336 2097 ad
1352 2054 1491 2098 Bles-

92 2120 269 2164 salam
299 2125 404 2173 est,
454 2120 593 2179 quod
623 2118 786 2162 tersis
818 2116 1034 2160 Ti'bullz
1049 2118 1296 2192 adrepsit
1317 2136 1491 2164 nume.

91 2186 194 2235 ris,
234 2185 468 2243 quodque
498 2200 597 2240 ego
617 2216 630 2237 ,
660 2183 921 2241 pessimus
953 2183 1491 2263 qnznianzpoeta‚fe-

91 2251 227 2293 cisse
254 2250 470 2294 nollem.
520 2250 624 2293 Sed
659 2249 764 2293 illa
791 2248 912 2306 ipsa
945 2239 1162 2309 ἐνάργεια
1203 2266 1267 2295 ac
1295 2247 1490 2304 δεινότης

91 2315 150 2358 ἰη
192 2313 310 2358 solo
338 2315 606 2359 laudandi
643 2329 768 2358 nisu
799 2329 1108 2372 compressa
1141 2317 1199 2359 in
1226 2320 1491 2377 gravi'ssz..

90 2393 202 2424 mos
231 2394 444 2424 errores
469 2380 556 2423 vel
583 2382 859 2425 acutiores
875 2380 1116 2424 homines
1144 2383 1395 2443 impegit,
1427 2389 1488 2429 ut

91 2445 178 2489 vel
204 2444 361 2489 aliud
395 2459 606 2489 carmen
633 2445 1139 2503 circumspicerent,
1177 2463 1276 2504 quo
1298 2450 1489 2495 laudes

89 2505 329 2571 Augusti
369 2516 722 2570 persequutus
758 2517 895 2555 esset
934 2516 1125 2568 poeta,
1169 2514 1329 2559 hocce
1372 2524 1491 2561 tan-

91 2575 357 2620 tummodo
397 2575 445 2619 ei
480 2574 810 2636 praefatus;
859 2577 975 2626 vel,
1014 2578 1071 2621 in
1102 2593 1202 2636 quo
1235 2581 1341 2624 sibi
1366 2595 1488 2625 acu-

94 2641 289 2686 tissimi
329 2642 643 2687 viderentur
679 2649 1003 2698 commento,
1065 2659 1177 2686 non
1222 2644 1486 2692 incallide

1094 2722 1194 2784 Qz
