1737 3054
757 220 1127 259 -113-

241 317 398 363 uiribus,
446 319 698 373 militibusque
736 325 890 372 turpiter
933 337 1014 359 sese
1050 321 1294 364 dedentibus,
1332 324 1544 373 turpiusque
1589 324 1625 356 in

240 381 310 416 ista
350 383 564 431 captivitate
604 383 835 428 viventibus,
889 387 1026 420 nomini
1078 385 1244 419 Romano
1278 386 1465 426 inustam,
1515 394 1629 433 quam

238 440 318 476 sola
348 443 496 490 imperii
533 446 588 479 sui
624 449 814 494 majestate
842 472 852 488 ,
899 457 1092 495 rerumque
1120 453 1308 490 gestarum
1331 445 1425 480 fama
1449 447 1632 490 Augustus

237 500 458 540 aboleverit.
519 504 752 542 Commotum
779 514 888 557 atque
925 509 1112 541 incensum
1152 508 1369 554 indignitate
1399 511 1449 543 rei
1476 517 1632 557 poetae,

236 567 375 615 patriae
405 569 668 611 amantissimi,
706 572 885 610 animum,
924 567 1114 616 praeclare
1139 568 1247 606 decet
1273 573 1493 606 commotior
1520 578 1629 619 atque

235 641 300 677 per
330 628 638 675 interrogationes
665 632 909 679 praecipitata
931 631 1066 665 oratio.
1091 648 1137 657 —·
1161 631 1315 667 Adeone
1341 630 1453 664 miles
1485 631 1626 672 Crassi,
1654 644 1658 647 ¹

235 691 326 726 civis
361 691 546 727 Romanus
575 691 642 727 sub
675 692 812 726 Crasso
854 690 1040 740 stipendia
1077 701 1244 736 merens,
1282 694 1336 728 sui
1376 690 1512 726 oblitus
1547 699 1630 733 est,

235 753 335 787 itane
370 765 391 787 a
421 759 601 800 maJOrum
649 755 782 787 virtute
826 751 1100 797 degeneravit,
1151 761 1211 794 ut,
1260 755 1321 803 qui
1361 761 1516 788 mortem
1564 765 1630 802 pro

232 815 350 862 patria
389 823 567 863 oppetere
598 812 809 857 debuisset,
856 820 997 863 turpem
1032 814 1263 849 deditionem
1303 814 1479 848 honestae
1517 816 1629 848 morti

234 873 462 923 praeferret,
500 888 618 926 eoque
637 874 895 925 prolaberetur
919 874 1071 910 infamia
1093 886 1136 910 ac
1160 875 1346 910 dedecore
1362 901 1372 916 ‚
1401 883 1437 909 ut
1458 874 1625 907 maritus

230 935 341 970 ducta
353 936 513 980 conjuge
535 936 710 979 barbara,
736 946 908 979 externa,
943 951 1058 989 eaque
1086 952 1105 973 e
1122 936 1258 986 populo
1281 936 1457 971 Romanis
1473 934 1631 971 infestis-

230 999 357 1039 simo,
400 998 563 1043 viveret,
610 1007 646 1033 ut
684 1001 955 1035 matrimonium
991 1012 1074 1034 cum
1107 998 1278 1033 Parthica
1315 996 1453 1033 femina
1489 995 1629 1034 iniret?

230 1058 458 1094 Probrosum
488 1061 586 1095 euim
617 1068 725 1111 atque
763 1062 937 1106 injustum
974 1059 1180 1095 habebatur
1212 1061 1308 1109 ‘civis
1352 1058 1508 1095 Romani
1530 1057 1630 1095 'cum

231 1128 382 1157 externa
428 1121 568 1156 femina
608 1123 830 1170 conjugium.
888 1122 998 1157 Forte
1045 1124 1080 1157 in
1126 1120 1231 1154 viavit
1288 1123 1341 1155 vis
1389 1128 1467 1162 est;
1524 1125 1627 1173 quasi

229 1184 343 1220 vitam
394 1195 495 1217 suam
536 1185 607 1218 isto
648 1184 821 1230 conjugio
874 1183 1075 1218 redemerit
1131 1183 1239 1218 miles
1295 1183 1493 1218 Romanus.
1568 1182 1628 1216 Ita

227 1255 286 1277 am
317 1230 444 1279 Schol.
481 1243 592 1293 Cruq.
628 1256 792 1287 „uxores
821 1256 841 1277 a
873 1243 1076 1278 victoribus
1116 1254 1346 1294 acceperunt
1372 1271 1381 1285 ,
1444 1251 1480 1279 ut
1514 1246 1624 1279 vitam

230 1305 502 1342 mererentur.“
542 1304 603 1340 Cf.
645 1318 679 1340 v.
712 1303 770 1344 37.
804 1323 851 1331 —
885 1307 921 1338 6.
967 1313 1003 1340 et
1043 1307 1078 1339 in
1120 1305 1247 1340 hostili
1283 1315 1407 1348 terra,
1453 1315 1624 1357 tanquam

228 1366 266 1399 in
296 1367 458 1414 propriis
491 1365 668 1408 sedibus,
719 1373 880 1401 aetatem
912 1367 1009 1413 egit,
1046 1364 1099 1400 ibi
1133 1369 1340 1402 consenuit.
1401 1367 1496 1402 Anni
1527 1370 1626 1403 enim

226 1426 398 1460 XXKIH.
432 1436 518 1473 post
549 1428 780 1463 Crassianam
822 1428 966 1463 cladem
1006 1427 1244 1464 edfluxerant.
1311 1429 1450 1462 Hostes
1480 1430 1624 1472 soceri,

229 1500 335 1538 quam
369 1490 528 1533 graviter
567 1498 676 1540 atque
710 1490 921 1525 invidiose!
959 1509 1005 1517 —-
1046 1494 1225 1525 Arvorum
1269 1489 1406 1532 cultui,
1457 1492 1628 1526 omnino·

229 1562 300 1599 que
325 1552 484 1586 servitiis
511 1551 718 1598 agrestibus
743 1554 911 1599 captivos
934 1552 1023 1586 olim
1051 1551 1240 1585 adhibitos
1267 1551 1378 1586 fuisse
1406 1562 1626 1602 quamquam

229 1610 328 1646 haud
360 1624 511 1659 negem3
561 1613 737 1658 majorem
768 1620 890 1646 tamen
938 1618 1063 1646 movet
1099 1611 1389 1658 indignationem
1414 1640 1424 1655 ,
1476 1615 1505 1648 si
1556 1613 1630 1647 Ro-

230 1684 360 1707 manos
413 1671 548 1707 milites
593 1674 628 1706 in
684 1672 900 1708 Parthorum
943 1682 1088 1721 gentem
1134 1686 1178 1708 ac
1226 1672 1386 1712 familias
1436 1673 1626 1715 adscitos.

231 1741 401 1782 tanquam
435 1745 549 1769 novos
577 1734 727 1770 colonos
751 1736 786 1769 in
811 1747 906 1770 nova
940 1734 1027 1770 sede
1053 1736 1148 1770 arvis
1170 1734 1338 1770 colendis
1365 1747 1515 1783 operam
1540 1734 1628 1769 dare

231 1796 389 1840 cogites.
445 1795 541 1831 Hinc
575 1797 686 1831 etiam
718 1798 878 1844 graviter
917 1796 1102 1845 adjectum
1132 1794 1198 1830 sub
1232 1808 1318 1842 rege
1357 1795 1504 1839 Medo,
1541 1795 1629 1831 Par-

233 1856 381 1892 thorum
426 1858 523 1904 regis
562 1861 678 1906 jugo,
721 1859 873 1894 servitio
917 1858 1143 1900 adsuefacti,
1185 1872 1294 1908 quum
1328 1859 1362 1891 in
1402 1857 1520 1892 libera
1547 1870 1628 1908 rep.

232 1927 340 1953 antea
364 1919 554 1953 vixissent.
593 1919 714 1969 Atque
737 1920 785 1953 ita
808 1917 918 1954 facile
942 1920 1160 1969 perspicitur
1177 1945 1186 1960 ‚
1222 1920 1428 1965 graviorem
1458 1921 1625 1966 ignaviae

230 1987 352 2016 notam
387 1979 560 2029 adspergi
595 1979 802 2023 militibus,
841 1990 948 2017 antea
978 1982 1109 2017 virtute
1144 1979 1277 2015 bellica
1305 1980 1545 2032 laborumque
1573 1990 1626 2017 to·

229 2041 390 2078 lerantia
431 2041 587 2091 inclytis
611 2070 622 2087 ,
680 2042 776 2078 unde
818 2057 899 2078 eum
940 2042 1088 2078 delectu
1131 2043 1312 2076 Marsum
1348 2048 1382 2077 et
1423 2043 1625 2088 Appulum

228 2106 332 2149 ponit
373 2111 482 2152 poeta
512 2117 578 2153 pro
608 2103 818 2140 fortissimis
856 2106 1014 2140 Romani
1043 2106 1224 2140 exercitus
1249 2104 1440 2139 militibus.
1495 2105 1624 2139 Genus

229 2176 317 2197 acre
350 2165 497 2207 virum,
535 2166 694 2199 Marsos
727 2174 833 2201 vocat
862 2166 994 2212 Virg'l.
1024 2166 1097 2201 Ge.
1135 2165 1186 2200 11.
1221 2169 1299 2207 107.
1326 2165 1376 2200 cf.
1407 2167 1454 2200 ll.
1478 2175 1534 2202 20.
1564 2167 1620 2203 18.

226 2241 324 2261 nune
358 2228 394 2262 in
423 2228 498 2262 otio
533 2228 630 2277 apud
668 2229 821 2263 Parthos
853 2228 1159 2269 senescentibus,
1196 2229 1498 2278 captivitatisque
1537 2241 1622 2263 con-

229 2285 401 2323 tumelias
438 2301 555 2339 aequo
593 2294 713 2325 animo
748 2289 962 2326 ferentibus.
988 2309 1036 2318 —
1071 2300 1104 2335 7.
1147 2289 1220 2321 Pro
1253 2288 1365 2321 Curia
1406 2289 1620 2335 inversique

227 2360 353 2386 mores
376 2376 387 2392 ,
443 2350 552 2385 <locta
576 2379 586 2394 ‚
632 2351 861 2403 Horatioque
899 2352 1076 2387 familiari
1106 2351 1245 2385 ratione
1289 2349 1430 2385 dictum
1466 2362 1556 2400 pro:
1597 2363 1617 2384 ο

227 2413 390 2447 inversos
429 2412 561 2447 Curiae
594 2413 740 2448 mores!
775 2421 950 2464 quantum
983 2412 1126 2447 inversa
1155 2419 1230 2452 est,
1258 2407 1447 2454 descivitj
1467 2411 1620 2448 deflexit

230 2475 366 2517 Curia,
407 2474 561 2511 Senatus
595 2478 651 2519 (ut
687 2475 735 2509 ll.
770 2485 800 2509 1.
833 2473 920 2518 14.)
950 2487 970 2510 a
1003 2474 1170 2523 pristinis
1193 2472 1353 2508 moribus
1375 2500 1383 2516 ‚
1407 2473 1453 2508 ab
1473 2475 1623 2525 antiqua

227 2540 445 2585 majestate,
485 2538 547 2588 qui
570 2544 642 2570 tam
663 2535 762 2571 lente
792 2536 882 2568 tanti
903 2533 1099 2570 dedecoris
1122 2534 1309 2570 infamiam
1343 2526 1407 2584 per
1435 2543 1507 2571 tam
1542 2536 1621 2571 lon-

225 2613 307 2645 gum
332 2611 508 2634 annorum
532 2597 725 2633 decursum
748 2598 927 2633 sustinere
953 2598 1084 2645 potuit,
1104 2596 1197 2633 adeo
1224 2597 1386 2649 quidem,
1409 2605 1447 2632 ut
1471 2611 1514 2633 ne
1539 2596 1621 2633 bel-

223 2661 259 2701 lo
277 2660 430 2712 quidem
447 2672 527 2699 eam
549 2657 819 2702 vindicandam,
839 2661 1025 2711 armisque
1044 2663 1208 2711 captivos
1232 2657 1468 2697 redimendos
1483 2666 1616 2695 statue·
