1737 3054
191 307 302 353 bum,
329 308 462 346 cadum
485 310 557 344 vini
575 308 738 346 Caecubi
777 308 854 352 (de
881 321 953 359 quo
980 307 1009 340 Ι.
1028 316 1084 341 20.
1109 308 1171 351 9.)
1199 303 1410 348 reconditi,
1437 306 1589 342 interius

192 374 344 423 repositi
379 372 445 416 (ut
476 371 640 407 interior
673 377 766 406 nota
797 371 954 405 Falerni
977 369 1030 406 ΙΙ.
1053 371 1087 405 3.
1113 370 1178 409 8.)
1211 375 1385 418 tanquam
1424 368 1589 404 melioris

191 443 322 476 notae,
355 441 561 487 servatique
593 435 640 470 ad
677 433 789 469 festas
821 433 958 482 dapes,
998 439 1035 465 ut
1058 430 1104 466 de
1130 428 1265 465 eodem
1293 429 1337 466 V.
1365 440 1399 474 9.
1429 442 1461 464 ι.
1483 431 1583 465 Tum

192 499 351 548 plurium
375 511 551 532 annorum
573 496 788 531 Caecubum
811 507 900 543 opus
925 492 1083 527 habebat
1100 517 1110 532 ‚
1146 498 1336 542 antequam
1363 494 1590 529 mitesceret.

191 579 236 587 —
255 573 288 603 4.
316 559 395 593 vim
419 558 576 600 adhibe,
606 560 677 592 vim
700 557 878 596 admove,
905 565 1095 602 expugna,
1130 552 1232 601 pelle
1258 558 1379 590 animo
1408 554 1594 600 sapienti-

153 634 283 664 sam,
312 620 550 666 σωφροσύνην,
591 618 893 666 temperantiam,
931 613 1197 654 sobrietatem,
1238 617 1440 663 sapientiae
1478 627 1592 665 prae-

191 685 308 732 ceptis
330 684 602 721 conlinnatam,
636 678 805 728 adeoque
837 676 992 721 indulge
1015 676 1124 722 genio
1141 701 1154 716 ‚
1193 683 1306 710 totam
1332 683 1368 710 te
1396 681 1446 711 ita
1472 679 1507 712 in
1534 679 1593 712 hi-

190 747 377 781 laritatem
410 740 558 777 effunde
585 768 595 784 ,
636 746 673 775 ut
716 740 858 775 tetricis
889 749 934 773 ac
968 739 1106 774 severis
1139 736 1302 785 insipida
1322 737 1487 775 videare.
1533 739 1590 774 Ita

189 805 361 839 stultitia
386 808 421 839 et
442 804 609 849 desipere
632 809 686 838 est
724 800 788 844 IV.
823 811 878 837 12.
903 809 963 840 27.
1008 798 1128 834 Docta
1155 806 1212 834 est
1241 799 1285 832 ad
1306 799 1344 832 h.
1371 798 1398 833 l.
1421 799 1594 850 Porphy-

188 869 305 902 rionis
326 873 435 900 nota:
475 865 611 900 Graeci
645 867 776 912 ajunt,
811 865 885 898 vim
919 862 1127 911 sapientiae
1163 858 1331 895 adhiberi
1355 873 1419 909 per
1443 863 1593 903 vinum;

188 942 280 981 quae
303 935 424 963 tamen
445 939 575 962 vereor
589 953 601 968 ,
642 934 678 961 ut
700 926 785 960 huic
811 924 898 959 loco
917 925 1005 959 satis
1032 921 1231 957 commoda
1247 926 1304 956 sit.
1324 923 1476 958 Graecis
1494 927 1593 959 enim

189 989 412 1040 simpliciter
447 987 529 1022 οἶνος
549 986 701 1031 βιᾶσθαι
738 988 901 1029 dicitur,
935 985 1050 1022 veluti
1088 984 1263 1032 Theogn.
1291 991 1372 1027 495.
1400 985 1594 1030 οἷνοβαρέω

190 1051 348 1097 κεφαλὴν
376 1071 422 1078 -
443 1069 489 1077 -
519 1050 574 1084 καί
604 1063 650 1094 με
680 1048 807 1092 βιαταὶ
842 1045 947 1092 vivos,
985 1046 1072 1091 ἀτιὶρ
1105 1044 1242 1088 ’γνώμης
1274 1046 1334 1079 οὐκ
1360 1039 1404 1079 ἔτ’
1429 1041 1499 1088 ἐγὼ
1519 1059 1585 1080 τα-

190 1117 272 1157 μιής
293 1110 496 1156 ἡμετέρης..
519 1111 661 1147 Eodem
680 1124 789 1147 sensu
815 1106 978 1154 οἱμκὲλου
1006 1112 1078 1141 παῖς
1100 1104 1232 1148 βιοίτης·
1246 1105 1464 1143 anditPind.
1481 1108 1591 1143 Nem.

186 1175 258 1208 IX.
285 1185 361 1210 12².
388 1172 447 1208 Cf.
468 1173 516 1207 ad
544 1172 612 1206 111.
637 1183 694 1208 21.
724 1173 776 1209 13-
803 1171 863 1206 Ad
892 1171 1114 1206 sententiam
1141 1167 1303 1214 Meleag.
1326 1167 1426 1202 LVI.
1452 1167 1592 1212 5.(Αη.

186 1237 252 1272 ssr.
278 1236 308 1271 I.
340 1236 421 1281 17.)
450 1228 670 1277 Κωμᾶσομαι
701 1253 739 1258 -—
763 1253 801 1257 -—
823 1230 978 1278 ι’ῤῥῖφθω
1000 1231 1118 1275 σοφίας
1136 1229 1153 1261 o‘
1175 1229 1286 1270 πονύς
1311 1228 1422 1266 «ὄνος.
1445 1248 1491 1256 -
1511 1241 1595 1262 mu-

189 1297 272 1332 nita
296 1296 404 1332 docte
429 1296 612 1344 sapientia
635 1294 796 1336 dicitur,
821 1290 926 1343 quod
950 1290 1101 1339 proprie
1122 1290 1160 1323 in
1192 1291 1355 1323 animum
1383 1291 1480 1325 cadit
1496 1316 1506 1334 ,
1532 1291 1596 1325 ad-

187 1371 314 1394 versus
350 1358 473 1393 omnia
505 1356 693 1404 sapientia
725 1355 904 1389 munitum
930 1360 1043 1403 atque
1079 1349 1336 1386 obfirmatum.
1382 1353 1468 1397 Quo
1493 1365 1600 1398 sepsn

195 1421 355 1456 Homero
386 1418 506 1468 φρένες
532 1418 706 1453 dicuntur
729 1416 882 1457 πυκιναὶ,
906 1413 1061 1450 Hesiod.
1085 1412 1232 1458 Theog.
1255 1414 1340 1453 608.
1363 1411 1495 1448 mulier
1522 1412 1598 1455 οἲρη-

194 1484 264 1524 ρυῒα
291 1481 504 1528 πραπίδεσσι
530 1488 566 1515 et
587 1478 679 1514 alibi
700 1478 772 1512 νόος
794 1476 1086 1518 πεπυκασμένος,
1107 1474 1258 1511 Mosch.
1283 1475 1351 1510 111.
1381 1486 1436 1521 15.
1461 1475 1533 1509 νόος
1558 1471 1598 1508 δέ

191 1543 219 1575 οἱ
245 1538 531 1584 ἐμπεπύκασται.
553 1541 678 1576 Attius
702 1540 800 1587 apud
823 1536 905 1573 Cic,
927 1536 973 1572 de
993 1536 1079 1573 Div.
1103 1538 1135 1572 1.
1163 1548 1221 1574 22.
1252 1537 1350 1572 Vide
1375 1548 1444 1578 ne,
1485 1548 1596 1582 quem

191 1608 232 1637 tu
259 1614 340 1636 este
360 1601 529 1636 hebetem
555 1601 732 1643 deputes,
759 1610 875 1644 aeque
899 1610 944 1631 ao
963 1606 1078 1641 pecus
1094 1625 1104 1639 ‚
1128 1596 1162 1631 is
1188 1597 1381 1643 sapientia
1400 1599 1596 1632 munitum

185 1672 322 1713 pectus
347 1664 547 1712 egregium
563 1668 694 1710 gerat.
721 1664 849 1708 Quint.
876 1660 959 1697 Cal.
990 1659 1042 1694 11.
1066 1659 1150 1703 264.
1175 1658 1347 1704 στερεῇσιν
1382 1658 1596 1704 ἀρηροίμενον

191 1729 289 1774 φρεσὶ
314 1723 430 1769 θυμδν
456 1726 570 1770 dicit,
594 1739 704 1776 quem
732 1715 902 1759 Maniai.
928 1723 956 1756 1.
980 1734 1038 1763 40·
1065 1732 1230 1766 magnae
1259 1720 1472 1756 subnimum
1495 1719 1599 1754 robo-

195 1801 234 1823 re
254 1788 407 1823 mentis.
434 1787 563 1825 Paullo
587 1788 697 1827 aliter
719 1790 846 1829 σοφίαν
875 1788 910 1820 in
943 1785 1017 1820 alio
1043 1786 1225 1834 positam.
1251 1783 1302 1818 acl
1336 1796 1444 1836 quam
1484 1784 1597 1831 pauci

190 1854 404 1891 enituntur,
434 1854 678 1896 καλλίπυργον
704 1856 813 1884 vocat
839 1845 1146 1896 Aristoph.Nub.
1166 1854 1268 1882 1020.
1287 1860 1394 1897 quarn
1421 1844 1597 1881 disertius

193 1917 343 1962 exponit
368 1913 519 1947 Lucret.
546 1912 599 1949 Il.
633 1923 666 1952 7.
693 1911 752 1944 nil
771 1909 921 1944 dulcius
941 1913 1020 1950 est,
1046 1907 1138 1942 bene
1164 1918 1278 1953 quam
1294 1907 1449 1942 munita
1473 1913 1597 1941 tenere

191 1974 296 2007 edita
321 1973 497 2007 doctrina
517 1973 739 2019 sapientum
761 1971 907 2016 templa
933 1981 1089 2013 serena,
1125 1969 1317 2016 despicere
1357 1969 1455 2004 unde
1482 1978 1599 2015 queas

191 2037 289 2071 alios
314 2040 384 2072 cet.
410 2047 571 2088 quocum
605 2033 703 2070 conf.
734 2034 892 2070 Lucian.
921 2034 1069 2081 Nigrin.
1092 2034 1152 2070 18.
1187 2046 1224 2081 p.
1246 2040 1303 2075 57.
1329 2040 1364 2068 et
1387 2031 1478 2067 Stat.
1501 2029 1595 2065 Silv.

193 2097 245 2135 11.
270 2108 306 2133 2.
337 2108 419 2141 131.

287 2170 318 2194 v.
342 2167 376 2202 5.
395 2157 585 2193 Meridies
607 2158 798 2200 inclinat,
825 2158 935 2194 docte
962 2169 1056 2207 pro,
1082 2156 1161 2193 dies
1187 2157 1304 2204 vergit
1326 2155 1372 2192 ad
1409 2166 1602 2191 occasum.

194 2224 276 2257 Non
302 2224 412 2257 nimis
437 2224 565 2256 stricte
591 2219 850 2270 accipiendum
873 2220 910 2254 h.
941 2217 965 2253 l.
998 2220 1063 2255 sed
1080 2227 1118 2254 ut
1139 2217 1312 2255 Macrob.
1335 2218 1365 2252 Ι.
1393 2229 1426 2261 3.
1448 2215 1598 2250 mediae

192 2285 317 2318 noctis
349 2283 551 2319 inclinatio
583 2285 744 2334 primum
786 2281 859 2317 diei
893 2289 1039 2331 tempus
1069 2280 1228 2322 dicitur,
1268 2283 1319 2316 ita
1350 2281 1387 2316 h.
1411 2279 1438 2314 l.
1465 2278 1511 2314 de
1536 2276 1598 2313 die

192 2358 366 2391 magnam
391 2353 534 2395 partem
559 2346 817 2397 praeterlapso
840 2346 1091 2395 cogitandum.
1141 2345 1311 2380 Formata
1341 2351 1464 2378 aurem
1503 2342 1594 2377 haec

193 2409 333 2445 locutio
363 2408 409 2443 ad
442 2411 673 2444 Graecorum
704 2411 921 2452 rationem,
957 2408 1117 2461 quibus,
1144 2418 1259 2458 aequa
1297 2407 1482 2457 utrimque
1522 2403 1599 2439 diei

193 2471 300 2507 lance
314 2497 325 2513 ,
352 2472 560 2516 μεσημβρία
580 2468 731 2513 ‹ta-0:3⁶0&
745 2497 756 2515 ,
777 2470 972 2516 ἵστασθαι,
999 2468 1175 2506 meridies
1196 2477 1319 2511 stare,
1347 2468 1423 2504 sole
1451 2468 1485 2501 in
1504 2478 1600 2501 sum·

193 2545 295 2568 mum
324 2533 420 2567 coeli
450 2531 637 2578 fastigium
679 2537 806 2569 evecto
840 2522 924 2584 (qu
952 2540 986 2568 et
1021 2533 1103 2581 ipse
1130 2540 1216 2568 tunc
1239 2539 1336 2567 stare
1366 2529 1510 2565 dicitur.
1535 2527 1603 2561 Ni-

193 2595 304 2633 cami.
336 2594 513 2630 Theriac.
549 2596 657 2641 469.)
696 2597 881 2648 exquisite
922 2596 1070 2632 dicitur.
1110 2595 1196 2630 vid.
1230 2595 1378 2630 omnino
1409 2587 1596 2626 eruditam

192 2657 343 2699 Ruhnk.
377 2664 498 2694 notam
533 2657 580 2692 ad
629 2656 733 2693 Tim.
766 2672 802 2708 p.
841 2668 925 2703 235.
960 2657 1126 2695 Omnino
1171 2657 1379 2693 convivium
1413 2650 1599 2701 tempesti-
