1737 3054
707 203 765 212 ...
852 189 934 231 248
1033 203 1082 215 ...-

509 297 1049 342 ARGUMENTUM
1078 296 1269 341 XXVI.

667 420 1130 436 mmmmmfflm

202 480 409 556 Totum
440 513 537 556 hoc
569 529 786 557 carmen
814 515 978 570 plane
1015 527 1039 554 e
1067 508 1581 572 graecofonteflu·

187 577 367 626 xisse,
417 584 468 620 et
505 581 818 638 argumenti
854 580 1028 626 ratio,
1087 583 1138 619 et
1176 593 1298 620 vero
1342 579 1577 621 maxime

189 640 428 699 ejusdem
457 645 750 695 tractatio,
796 641 1343 700 exorrzandarumque
1375 649 1581 686 senten-

187 707 390 752 tiarum
423 710 567 750 ratio
595 709 731 750 satis
758 709 1030 752 evincunt.
1067 707 1465 764 Bacchylidem
1485 722 1580 751 aa·

187 777 388 816 ctorem
415 772 563 815 lzaud
590 774 771 829 inepte
798 773 1089 828 suspiceris
1107 788 1131 815 e
1151 788 1198 816 v.
1223 788 1294 816 10.
1323 774 1425 816 Sed
1441 773 1579 818 idem

186 843 568 896 argumentum
593 840 898 883 sexcenties
920 856 953 882 a
984 839 1159 896 poetis
1203 839 1421 898 graecis
1471 845 1581 882 tra-

186 907 393 947 ctatum
420 918 554 951 esse,
593 904 957 958 dedicatoria,
999 917 1135 962 quae
1169 905 1226 947 in
1257 903 1582 964 Anthologi-

188 983 346 1012 arum
387 969 546 1013 libris
587 976 909 1026 supersunt,
973 968 1186 1013 abunde
1226 970 1582 1026 comprobant

187 1035 457 1078 carmina.
527 1037 674 1093 Quae
711 1037 759 1079 si
797 1037 978 1079 animo
1006 1041 1218 1088 teneas,
1269 1050 1443 1078 vanas
1471 1035 1580 1078 VV.

185 1099 311 1141 ΠΖ).
337 1100 400 1144 de
420 1099 623 1143 Venere
646 1102 864 1145 marina
892 1100 1112 1160 ejusque
1130 1101 1336 1145 sacello
1361 1102 1446 1144 vel
1458 1101 1586 1157 pub·

189 1163 296 1207 lico
346 1165 432 1207 vel
459 1168 679 1221 privato
709 1168 1134 1223 disceptationes
1163 1181 1364 1210 mecum
1396 1167 1583 1210 licebit

189 1229 389 1273 rideas.
441 1230 736 1275 Vener-ibas
762 1233 872 1274 suis
898 1231 1044 1275 haud
1074 1233 1290 1275 omnino
1319 1238 1414 1284 est,
1447 1232 1584 1289 quod

189 1296 508 1339 destitutum
537 1297 635 1340 leoc
652 1312 868 1340 carmen
901 1299 1168 1354 queraris.
1221 1297 1409 1342 Cleloes
1436 1312 1587 1339 arro-

188 1363 390 1420 gantia
427 1378 488 1405 ac
522 1359 757 1418 fastidio
788 1364 964 1407 victus
990 1359 1152 1420 poeta
1171 1363 1447 1406 amoribus
1474 1377 1583 1405 sese

188 1427 356 1483 plane
393 1429 837 1472 renuntiaturum
878 1429 956 1472 ita
987 1428 1250 1479 ostendit,
1299 1433 1358 1470 ut
1386 1429 1588 1470 instru-

190 1497 401 1543 menta,
449 1494 639 1550 quibus
684 1499 857 1537 artem
884 1496 1213 1539 amatorium
1247 1494 1586 1546 exercuerit,

194 1556 419 1610 Veneri,
458 1556 579 1612 ejus
607 1560 880 1615 praesidi,
929 1559 1147 1603 solenni
1171 1574 1317 1602 more
1349 1559 1586 1612 dedicet,

192 1620 409 1678 adjecto
449 1624 569 1679 ρὶο,
621 1625 670 1666 si
704 1625 834 1669 Diis
861 1626 1074 1681 placet,
1122 1630 1270 1676 voto,
1310 1631 1364 1666 ut
1399 1625 1587 1668 Cleloes

190 1689 448 1743 superbia
477 1689 543 1730 ab
575 1704 636 1731 ea
667 1691 949 1746 puniatur.
998 1691 1067 1733 In
1097 1705 1198 1748 quo
1229 1695 1410 1746 tamen
1440 1690 1554 1746 ipso
1574 1721 1585 1742 ‚

194 1755 277 1795 uti
305 1755 363 1796 in
392 1755 508 1809 ipsa
533 1754 874 1800 dedicatione
904 1764 985 1803 (υ.
1003 1757 1082 1803 6.)
1118 1755 1464 1797 subsilientes
1482 1758 1589 1812 pri-

193 1820 328 1862 stini
353 1820 556 1862 amoris
576 1821 852 1878 igniculos
877 1820 1314 1865 animadvertere
1334 1820 1490 1874 licet,
1528 1822 1586 1864 in

194 1899 294 1943 quo
337 1885 509 1926 animi
538 1887 762 1929 tzumani
799 1892 1089 1940 naturam,
1132 1886 1352 1946 egregie
1377 1901 1588 1944 expres-

192 1965 306 1995 sam
340 1950 772 1996 animadvertas.

644 2074 1144 2119 Adnotationes.

288 2202 320 2223 v·
348 2201 380 2228 1.
416 2189 545 2239 Nuper
566 2191 787 2236 admodum,
820 2193 941 2229 adhue
960 2193 1123 2237 scilicet,
1152 2202 1346 2245 antequam
1371 2192 1507 2229 Chloes
1534 2191 1585 2228 fa·

196 2254 348 2289 andium
376 2265 553 2301 expertus
578 2270 708 2292 essem.
732 2276 777 2286 --
803 2256 911 2299 vixi,
941 2256 991 2291 fui
1019 2255 1200 2298 idoneus,
1239 2252 1371 2297 ἤρεσκον
1401 2256 1591 2304 (primiti-

194 2327 240 2349 το
270 2317 511 2363 significatu)
543 2319 759 2354 commodos
787 2332 912 2356 mores
933 2317 1160 2367 adprobavi,
1200 2318 1320 2367 placui
1339 2318 1505 2362 puellis.
1540 2315 1588 2353 ab

195 2384 243 2416 iis
267 2385 462 2431 expetitus.
502 2383 680 2419 Similiter
705 2384 858 2419 Terent.
884 2384 1003 2419 Andr.
1028 2382 1093 2416 1V.
1120 2393 1152 2416 2.
1179 2380 1232 2417 13.
1262 2380 1372 2414 Hcmc
1397 2379 1496 2413 milti
1521 2391 1587 2414 ex-

192 2443 340 2489 petivi,
370 2443 560 2488 conligit:
588 2447 809 2481 conveniunt
830 2460 959 2483 mores.
994 2444 1107 2482 Forte
1128 2453 1250 2481 tamen
1274 2447 1343 2480 hoc
1363 2437 1485 2479 Statim
1509 2456 1588 2478 ver-

195 2519 237 2541 su
258 2508 393 2540 amoris
415 2522 423 2538 ‹
439 2520 499 2539 um
528 2505 658 2541 militia
681 2510 904 2557 comparatio
928 2509 1076 2558 incipit,
1101 2516 1137 2543 et
1165 2507 1338 2542 Horatius
1359 2505 1536 2542 idoneum
1551 2506 1586 2543 h.

196 2566 329 2602 bonum
367 2567 519 2603 militem
553 2569 613 2609 (ut
638 2568 809 2605 Tibullus
843 2571 888 2606 de
914 2584 951 2605 se
970 2570 998 2606 Ι.
1028 2582 1057 2603 ι.
1085 2579 1141 2611 75.
1165 2567 1240 2602 Hic
1260 2581 1329 2615 ego
1355 2568 1438 2602 dua,-
1463 2567 1589 2601 miles-

199 2641 270 2674 que
304 2628 422 2663 bonus
448 2631 483 2664 in
516 2628 754 2676 &frangendis
780 2632 988 2681 puellarum
1013 2630 1183 2675 foribus)
1231 2645 1271 2667 se
1306 2630 1420 2668 fuisse
1448 2633 1588 2679 jactat,
