1689 3086
678 199 736 212 ·-
823 183 907 233 472
997 197 1054 212 »-

529 296 673 374 Aac
683 294 1073 343 UMENTUM
1101 293 1178 339 H.

667 434 1060 457 mmssssmm

182 545 378 650 Quam
414 591 610 633 parum
645 578 754 620 sibi
790 581 1039 621 constent
1081 577 1387 629 hominum,
1439 586 1568 632 quos

172 656 274 687 sua
305 643 578 700 cupiditas
602 642 781 695 ducit,
819 648 943 685 vota
970 649 1129 699 atque
1146 644 1401 695 consilia,
1431 639 1568 683 adeo

174 708 412 767 quidem3
452 714 507 750 ut
537 721 790 767 quemque
806 704 940 766 fere
965 708 1054 750 sui
1073 708 1384 764 poeniteat,
1421 706 1572 748 Iucu-

175 774 358 817 Ienter
401 771 687 816 admodum
728 773 921 830 Alplzii
959 770 1350 833 foeneratoris
1402 784 1574 815 exem-

174 836 266 895 plo
311 838 550 880 ostendit
587 837 687 880 lwc
735 840 977 888 carmine
1026 844 1207 896 poeta.
1278 833 1574 896 Confectus

176 903 274 946 ille
300 908 618 962 enectusque
646 905 978 955 innumeris,
1015 920 1151 964 quas
1178 919 1264 948 res
1277 901 1574 964 foenebris

176 968 367 1021 habet,
419 970 566 1012 curis
611 985 675 1013 ac
718 970 1017 1024 molestiis,
1069 972 1238 1015 vitam
1277 970 1574 1019 rusticam,

179 1034 410 1077 otiosam
435 1035 623 1086 illam,
661 1036 998 1096 eamdemque
1026 1037 1284 1081 maximis
1314 1033 1575 1078 utilitati-

178 1099 277 1142 bus
299 1098 858 1161 jucunditatibusque
897 1098 1198 1161 refertam,
1241 1100 1462 1146 summis
1487 1113 1579 1142 ex*-

177 1165 333 1211 tollit
379 1165 665 1222 laudibu55
716 1169 900 1227 itaque
951 1170 1219 1226 potiorem
1271 1167 1464 1215 habet,
1516 1170 1576 1207 nt

178 1230 612 1287 amplectendam
654 1247 770 1276 eam
809 1248 1003 1292 rusque
1039 1232 1441 1293 commigrandi
1466 1245 1579 1274 cer-

179 1297 444 1345 tissimum
483 1298 771 1342 consilium
823 1301 1039 1356 capiat:
1103 1299 1344 1357 idemque
1392 1303 1577 1341 tamen

177 1363 373 1419 paullo
399 1368 549 1420 post,
589 1364 765 1412 victus
793 1364 938 1407 lucri
956 1362 1165 1418 studio,
1202 1363 1274 1407 ad
1292 1363 1579 1423 ingenium

178 1429 578 1486 pristinamque
616 1430 764 1480 vitae
797 1429 1239 1474 consuetudinem
1277 1429 1437 1472 redit.
1506 1426 1578 1469 In

178 1494 683 1551 praestantioribus
729 1495 878 1539 haud
921 1495 1078 1540 dubie
1120 1496 1336 1556 ingenii
1360 1493 1580 1538 Horati-

178 1560 278 1604 ani
316 1563 678 1607 monumentis
718 1561 817 1605 hoc
858 1575 1077 1613 carmen
1119 1561 1423 1606 habendum
1467 1563 1576 1609 est,

180 1640 298 1668 cum
332 1626 394 1670 ob
427 1626 738 1671 naturalem
765 1628 1112 1686 argumenti,
1149 1628 1207 1671 in
1241 1627 1388 1671 vitae
1417 1623 1576 1669 rusti-

181 1705 277 1734 cae
303 1691 693 1736 aclumbrandis
729 1692 942 1736 deliciis
972 1694 1206 1750 copiosi,
1242 1692 1576 1736 suavitatem

183 1761 293 1800 tum
324 1756 387 1798 ob
414 1757 662 1815 insignes
705 1758 938 1804 Veneres
967 1759 1236 1816 poeticas,
1274 1758 1580 1816 imaginum

183 1822 483 1872 varietate,
523 1825 796 1874 orationis
820 1829 996 1867 comta
1019 1824 1313 1873 munditie,
1346 1822 1581 1864 delecta-

183 1901 282 1944 que
315 1888 675 1943 epitlzetorum
711 1890 1054 1946 proprietate
1088 1890 1136 1932 ei
1172 1887 1425 1948 adfusas.
1476 1886 1580 1929 Fu-

186 1967 302 2001 ere,
342 1954 574 2010 quicum
606 1955 758 1998 v.·66.
790 1970 1007 2002 carmen
1027 1946 1293 2015 finitum,
1330 1952 1579 2010 illudque

185 2023 356 2061 totum
389 2019 543 2063 intra
581 2021 728 2068 vitae
766 2020 1006 2067 rusticae
1038 2021 1229 2065 laudes
1264 2026 1579 2065 contentum

183 2083 444 2136 mallent,
493 2087 928 2145 quandoquidem
963 2086 1218 2145 percepta
1261 2100 1331 2128 ex-
1381 2101 1440 2129 eo
1494 2101 1583 2128 vo·

185 2151 374 2206 luptas
408 2153 667 2196 extremis
697 2154 969 2207 versibus,
1016 2153 1274 2210 Alplu'um
1300 2150 1579 2197 sordidum

183 2216 449 2260 hominem
470 2247 482 2267 ,
519 2217 626 2262 ista
660 2219 962 2278 loquentem
992 2219 1365 2274 prodentibus,
1401 2218 1586 2262 admo-

186 2281 309 2324 dum
338 2279 698 2341 infringatur
725 2301 787 2329 ac
827 2285 1107 2328 deleatam
1147 2286 1228 2328 ita
1259 2299 1386 2330 vero
1420 2284 1581 2327 habe-

185 2361 364 2389 remus
403 2350 710 2408 congeriem
749 2352 1050 2411 imaginum
1084 2352 1418 2403 rusticarum
1454 2364 1580 2407 poe-

188 2413 291 2454 tice
331 2417 738 2469 tractatarum,
785 2418 877 2460 sed
912 2418 1125 2469 anima,
1163 2422 1223 2459 ut
1257 2417 1338 2460 ita
1362 2415 1540 2459 dicam
1563 2445 1577 2466 ‚

185 2491 414 2534 prorsus
452 2479 802 2533 destitutam,
862 2483 1123 2539 nulloque
1161 2488 1307 2527 certo
1345 2479 1576 2525 consilia

184 2539 432 2601 factam,
469 2547 609 2602 quod
630 2547 838 2606 quidem
868 2562 932 2591 ne
960 2547 1161 2606 idyllii
1182 2548 1391 2607 quidem
1417 2546 1578 2593 luxu-

189 2607 434 2661 riantius
474 2611 528 2653 in
567 2627 622 2656 se
658 2613 964 2660 desiderari
1003 2615 1223 2673 patitur
1263 2612 1575 2675 ingenium,
