1737 3054
757 171 805 204 -Α
890 180 946 224 42
1034 196 1089 205 -..

231 279 329 326 Nec
357 281 520 329 dotata
548 289 676 348 regit
706 291 862 336 vir-un

297 347 510 411 Conjux‚
547 369 635 397 nec
666 354 823 399 nitido
848 356 959 402 fidit
983 357 1236 403 adultero:

229 470 333 515 Dos
367 480 438 517 cst
475 491 652 536 magna
684 484 961 534 parentium

294 538 492 595 Virtus,
523 548 569 585 ct
601 549 827 588 metuens
859 547 1045 592 alterius
1075 549 1168 591 viri

230 602 376 646 Certo
402 603 603 651 foedere
635 610 829 655 castitas
846 643 860 664 ,

296 667 357 711 Et
387 684 593 727 peccare
620 673 787 731 nefas,
822 687 908 724 aut
929 683 1137 740 pretium
1180 678 1352 723 emori.

226 806 268 850 O
301 811 516 866 quisquis
543 809 672 853 volet
698 809 876 871 impias

295 872 466 915 Caedis
496 881 542 918 ct
570 874 761 920 rabiem
789 880 958 925 tollere
986 881 1209 929 civicam,

229 935 279 981 Si
309 946 513 997 quaeret
548 947 688 998 pater
717 944 913 989 urbium

299 1001 550 1048 subscribi
590 1010 784 1064 statuis,
825 1011 1114 1055 indomitam
1145 1005 1319 1050 audeat

225 1137 497 1185 Refrenare
524 1140 775 1188 licentiam
795 1177 806 1199 ‚

295 1205 465 1249 Clarus
492 1208 784 1266 postgenitis
803 1242 815 1262 ,
842 1219 1105 1273 quatenuS,
1145 1207 1235 1253 heu
1276 1207 1438 1261 nefas,

227 1273 478 1315 Virtutem
509 1272 815 1317 incolumem
844 1278 1034 1320 odimus
1054 1308 1066 1330 ,

295 1336 555 1380 Sublatam
582 1354 639 1381 ex
676 1337 832 1383 oculis
863 1340 1135 1404 quaerimus
1163 1339 1329 1384 invidi.

227 1473 360 1537 Quid
387 1480 551 1520 tristes
580 1475 918 1536 querimoniae
936 1508 949 1532 ,

295 1540 344 1585 Si
369 1558 466 1585 non
492 1540 736 1601 supplicio
773 1541 918 1600 culpa
955 1540 1207 1587 reciditur?

227 1605 359 1669 Quid
391 1606 556 1667 leges,
586 1606 688 1650 sine
721 1609 942 1652 moribus

295 1673 491 1728 Vanae,
519 1672 820 1734 proficiunt,
853 1678 892 1718 si
919 1691 1068 1736 neque
1098 1670 1285 1719 fervidis

227 1810 339 1853 Pars
366 1809 554 1855 inclusa
586 1811 831 1856 caloribus

294 1875 502 1930 Mundi,
529 1893 618 1921 nec
644 1878 831 1922 Boreae
864 1876 1117 1922 finitimum
1146 1876 1271 1920 latus
1290 1907 1304 1931 ,

228 1941 546 2004 Durataeque
583 1943 687 1987 solo
716 1943 880 1992 nives,

291 2006 630 2053 Mercatorem
660 2007 905 2072 abigunt?
940 2008 1124 2055 hom-ida
1153 2006 1311 2052 callidi

228 2145 446 2191 Vincunt
481 2162 695 2208 aequora
731 2143 964 2192 navitae?

292 2211 533 2273 Magnum
561 2213 825 2274 pauperies
865 2213 1172 2273 opprobrium
1204 2208 1341 2272 'jubet

227 2278 430 2340 Quidvis
460 2286 507 2322 et
541 2278 704 2324 facere
740 2286 787 2323 et
817 2278 951 2339 pati,
1155 2302 1158 2306 ·

291 2344 600 2406 Virtutisque
637 2350 768 2391 viam
791 2344 975 2390 deserit
1023 2342 1229 2402 aiduae‘?

226 2481 315 2526 Vel
352 2498 438 2527 nos
465 2484 516 2527 in
562 2484 895 2544 Capitolium,

291 2549 400 2610 Quo
433 2549 622 2594 clamor
658 2559 798 2596 vocat
829 2561 872 2596 et
904 2551 1047 2596 turba
1072 2546 1371 2599 faventium,

227 2613 315 2658 Vel
343 2630 429 2659 nos
466 2615 515 2660 in
542 2631 682 2662 mare
711 2619 998 2676 proximum

292 2679 554 2737 Gemmas,
580 2689 630 2727 et
655 2683 869 2746 lapides,
911 2699 1081 2728 aurum
1109 2687 1152 2726 et
1186 2676 1388 2730 inutile,

1543 810 1602 858 25
