1737 3054
0 222 2 229 ’
0 0 18 199 ‘'V—vm

666 204 1039 257 ...269-

155 320 388 370 jucundjmtq
408 331 470 361 sua
495 316 686 358 detinent,
711 323 743 351 ‘a
766 315 902 367 quibus
934 330 1045 363 aegre
1078 319 1282 358 divelleris.
1324 326 1370 362 de
1410 330 1543 379 quibus

155 385 375 433 explicatius
408 382 530 416 statim
555 387 677 428 poeta.
701 398 747 407 -
773 384 806 416 6.
831 379 889 414 Ne
909 390 1055 427 semper
1076 386 1110 416 in
1134 383 1242 419 domo
1271 393 1334 420 tua
1370 391 1465 425 intra
1489 403 1556 428 ura

152 447 238 482 bem
265 445 489 485 delitescas,
515 442 705 478 desicleas..
748 442 828 476 Jam
858 441 1007 478 domum
1037 443 1240 480 Maecenas·
1271 451 1466 496 magnifice
1495 457 1546 489 al.

156 515 265 559 teque
295 513 518 541 exstructam
541 503 701 540 habebat
718 506 764 539 'in
784 504 900 540 hortis
921 504 1148 556 Esquilinis,
1175 507 1270 544 unde
1294 513 1331 543 in
1360 517 1469 547 totam
1490 530 1547 549 ur.

156 572 238 607 bern
270 570 557 619 adjacentesque
593 569 760 613 regiones
796 566 976 602 latissime
1018 578 1234 617 prospectus
1272 579 1438 617 pateret,
1473 589 1545 626 qno

153 646 237 668 eum
258 629 456 666 admodum
477 628 702 664 delectatum
728 627 843 663 fuisse
865 642 914 664 ex
938 627 974 663 h„
996 628 1019 664 l.
1048 630 1214 678 colligam
1244 631 1357 679 Igitur
1384 649 1450 684 pro
1476 639 1546 675 isto

147 694 288 739 vulgari
305 720 314 736 ,
349 692 490 735 adjecta
510 690 580 726 hac
603 702 726 726 morae
752 702 883 732 causa,
911 697 1040 739 poeta:
1069 704 1114 727 ne
1136 706 1285 743 semper
1321 699 1548 737 contemple-

152 756 230 797 ris,
273 770 293 791 e
324 755 434 789 domo
458 761 516 787 tua
547 753 753 801 prospicias
771 778 780 795 ‚
807 766 852 788 ne
879 765 992 802 usque
1019 752 1242 798 delecteris,
1265 756 1468 809 detinearis
1492 764 1547 808 ju.

151 818 377 855 cundiuimo
398 819 434 850 in
459 815 738 850 amoenissimas
769 816 934 861 regiones
959 820 1173 865 prospectu.
1209 815 1285 854 Sed
1311 819 1377 857 has
1407 825 1547 872 specia-

150 882 215 914 tim
242 878 460 919 adumbrat,
498 875 693 924 oculisque
726 874 877 925 subjicit
898 885 1018 925 poeta.
1046 878 1106 914 De
1139 879 1360 918 Tiburtinae
1385 886 1547 931 regionis

157 944 336 977 suavitate
365 955 398 975 v.
422 940 448 976 l.
472 950 508 983 7.
540 950 594 974 12.
617 937 811 980 -ιιᾶιιητ,
839 934 957 982 ὑγρὸν,
986 941 1072 974 rivis
1095 948 1131 975 et
1154 940 1319 981 sontibus
1343 941 1547 994 irriguum;

149 1012 334 1054 perpetuo
366 1002 545 1051 epitheto.
582 999 692 1036 Ovid.
728 997 828 1035 Fast.
858 999 924 1033 IV.
961 1012 1020 1042 71.
1053 1000 1108 1034 Et
1122 1003 1211 1046 jam
1245 1003 1548 1054 Telegoni‚jam

151 1063 308 1099 moenia
337 1061 487 1097 Tiburis
506 1060 574 1095 udi
597 1058 765 1094 stabant.
789 1061 848 1095 Cf.
862 1060 892 1096 I.
917 1071 949 1101 7.
977 1071 1031 1102 14.
1054 1061 1121 1100 IV.
1146 1069 1179 1103 3-
1202 1075 1257 1101 10.
1281 1062 1455 1105 Ceterum
1477 1085 1552 1106 ma-

148 1125 184 1161 le
206 1124 372 1160 nonnulli
397 1124 443 1158 de
467 1121 666 1158 Tiburtina
685 1122 913 1158 Maecenatis
943 1122 1036 1158 villa
1065 1124 1102 1159 h.
1136 1125 1161 1159 l.
1188 1130 1376 1175 cogitant,
1403 1145 1474 1181 quo
1494 1142 1550 1167 to.

150 1189 222 1222 tius
246 1187 315 1221 loci
341 1187 396 1220 vis
419 1184 628 1231 infringitur
644 1211 654 1226 ,
680 1189 716 1220 et
736 1186 797 1220 cui
820 1194 1025 1234 repugnant
1050 1200 1106 1222 vv.
1129 1198 1151 1231 9
1177 1206 1221 1216 —
1256 1199 1313 1228 11.
1351 1191 1449 1228 Tum
1486 1194 1550 1232 illa

151 1247 293 1298 oppida
319 1250 356 1281 in
382 1246 523 1282 Romae
552 1253 749 1295 conspectu
774 1257 860 1281 esse
881 1245 1019 1282 diserte
1050 1253 1101 1282 ait
1137 1248 1274 1284 Strabo
1312 1252 1357 1290 V.
1394 1263 1474 1299 238.
1502 1274 1549 1286 —-

146 1310 315 1344 Aesulae
340 1309 485 1342 declive
509 1317 670 1348 arvum,
698 1307 899 1352 Aesulam,
938 1309 1123 1346 coloniam
1152 1311 1383 1358 Rornanam,
1415 1318 1452 1351 in
1487 1318 1549 1354 de·

155 1373 245 1408 clm}
270 1372 442 1421 p05ifflm,
476 1388 521 1398 .-
554 1373 590 1408 8,
615 1371 715 1414 juga
739 1368 870 1412 collis,
894 1367 1056 1412 collem,
1089 1376 1124 1406 in
1151 1386 1223 1423 quo
1248 1373 1462 1424 Telegonus
1490 1392 1548 1415 ur·

149 1433 238 1469 bem
262 1433 458 1476 condidit,
485 1432 692 1467 Tusculum
717 1433 754 1465 in
779 1430 852 1465 alto
874 1434 1003 1469 situm.
1038 1432 1148 1468 ovid.
1164 1434 1265 1472 Fast.
1288 1436 1362 1474 Ill.
1393 1450 1453 1483 92.
1478 1442 1550 1474 Fa·

149 1501 285 1541 eraque
313 1493 493 1541 Telegoni
517 1494 671 1527 moenia
699 1495 797 1528 celsa
820 1505 951 1527 manu.
977 1493 1037 1530 De
1071 1494 1290 1543 Telegono,
1320 1502 1383 1549 qui
1414 1503 1548 1539 inscius

150 1558 324 1607 Ulyssem
358 1567 498 1606 patrem
536 1557 701 1605 trygonis
735 1554 862 1597 radio,
900 1558 1059 1602 sagittae
1092 1559 1281 1606 praefixo,
1323 1564 1548 1601 interficeret

151 1619 269 1664 (unde
291 1617 501 1659 parricida)
525 1616 604 1652 vid.
629 1618 792 1664 Boeuig.
817 1616 863 1652 ad
886 1618 920 1651 h.
943 1617 967 1654 l.
993 1617 1224 1657 Beckmann.
1261 1622 1307 1657 ad
1331 1623 1456 1673 Antig.
1477 1626 1550 1661 Mi-

152 1681 232 1716 mb.
257 1694 289 1716 c.
313 1691 369 1716 22.
393 1693 431 1729 p.
454 1684 513 1723 33.
534 1684 650 1730 intpp.
679 1679 725 1714 ad
751 1679 886 1727 Hygin.
912 1680 954 1716 F.
981 1692 1059 1726 127.
1084 1683 1256 1731 inprimis
1278 1683 1551 1725 Schott.0bss.
1592 1731 1598 1735 ⁸

146 1743 233 1778 hist.
266 1740 332 1775 111.
361 1754 390 1776 e.
422 1751 478 1786 ¹7·

246 1817 278 1838 v.
307 1812 341 1847 9.
368 1805 509 1841 Desere
537 1804 808 1856 aliquantisper
829 1804 975 1846 urbem,
1000 1807 1079 1855 ipsa
1102 1806 1330 1846 lautitiarum
1356 1813 1465 1859 copia
1476 1814 1547 1861 sa.

149 1866 377 1904 stidiosam;
403 1869 470 1903 nisi
501 1871 623 1916 potius
646 1869 779 1908 (etiam
795 1876 944 1914 propter
972 1883 1006 1903 v.
1022 1869 1140 1921 vseq.)
1168 1871 1214 1906 ad
1237 1872 1367 1910 domus
1388 1879 1466 1923 ejus
1489 1890 1549 1912 co·

150 1934 250 1979 piam
276 1929 412 1965 referre
444 1933 634 1979 praestat,
662 1929 734 1963 hoc
766 1939 896 1966 sensu:
929 1929 1072 1981 Linque
1116 1931 1330 1983 aliquandiu
1372 1937 1550 1984 domum,

148 1991 321 2027 omnibus
354 1994 451 2028 vitae
479 1990 627 2028 deliciis
656 1991 810 2039 copiose
846 1992 1082 2037 instructam,
1120 1997 1248 2031 omitte
1275 1997 1548 2048 aliquantisper

149 2053 308 2089 lautitias
329 2056 441 2096 istas,
471 2057 552 2099 ipsa
577 2054 687 2102 eopia
714 2065 791 2096 sua,
815 2067 953 2105 usuque
975 2054 1079 2090 haud
1101 2058 1312 2095 intermisso
1336 2063 1546 2097 satietatem

147 2128 191 2151 ac
213 2115 399 2150 fastidium
436 2123 632 2157 creantes;
670 2114 807 2166 quibus
834 2125 1069 2165 opponantur
1091 2122 1143 2161 (v.
1169 2123 1254 2164 15.)
1276 2133 1412 2156 coenae
1428 2135 1548 2170 paup.

149 2176 230 2211 sine
252 2176 398 2211 aulaeis
417 2185 490 2212 cet.
513 2196 557 2205 -
579 2178 788 2222 10.›Moles
806 2177 1026 2225 propinqua
1049 2179 1137 2217 nub.
1161 2181 1242 2216 ard·
1262 2188 1336 2220 ‚est
1362 2186 1445 2234 ipsa
1470 2188 1546 2223 alta

143 2240 207 2283 (V.
234 2249 267 2279 q,
291 2240 355 2281 3.)
378 2238 608 2275 Maecenatis
632 2239 786 2281 domus,
812 2252 842 2275 s.
867 2239 989 2275 turris
1022 2241 1323 2280 Maecenatiana
1349 2250 1385 2282 in
1415 2247 1548 2294 Esqui-

149 2299 221 2336 liis.
245 2298 304 2334 Cf.
328 2298 481 2337 Sueton.
508 2302 599 2337 Ner.
625 2303 684 2342 38.
707 2302 797 2350 Ejus
827 2302 1029 2339 delineatio
1053 2314 1171 2341 exstat
1186 2308 1220 2342 in
1234 2307 1346 2345 Lauri
1368 2309 1548 2359 splendo-

149 2374 186 2398 re
222 2362 392 2413 antiquae
426 2362 540 2398 Urbis
574 2365 616 2397 Τ.
651 2363 701 2400 11.
753 2371 779 2401 t.
799 2366 877 2411 104.
902 2364 1045 2413 Regias
1071 2369 1192 2405 moles
1216 2374 1390 2410 similiter
1418 2375 1542 2411 dictas

146 2422 261 2458 habes
283 2424 331 2459 11.
353 2432 409 2464 15.
433 2433 466 2460 2.
492 2424 693 2475 eademque
721 2426 862 2461 ratione
883 2426 1108 2464 Hadrianea
1129 2432 1248 2466 moles
1263 2461 1273 2477 ,
1297 2433 1540 2473 Mausoleum

144 2485 351 2525 Hadriani,
384 2485 420 2518 in
451 2488 579 2520 turrim
610 2498 857 2530 excrescens,
887 2489 1141 2539 adpellatum3
1164 2494 1210 2531 de
1241 2510 1315 2547 quo
1337 2513 1375 2533 v,
1403 2499 1542 2535 Schoe-

145 2546 248 2594 pilin.
279 2550 312 2581 in
346 2547 547 2596 Apotheosi
583 2548 701 2599 Impp.
735 2550 845 2586 Rom.
876 2564 916 2601 p.
941 2560 1001 2596 85·
1034 2554 1202 2593 Suaviter
1229 2564 1386 2609 opponit
1426 2562 1543 2608 regali

146 2608 383 2644 Maecenatis
415 2608 586 2644 aedificio
621 2622 778 2660 parvum
816 2625 920 2648 suum
956 2613 1073 2651 larem
1106 2622 1217 2666 poeta
1252 2633 1290 2654 v.
1322 2623 1392 2666 -14,
1415 2640 1460 2649 -
1486 2634 1542 2655 ιι.

148 2669 294 2706 Omitte
324 2698 337 2716 ,
387 2671 462 2708 noli
507 2672 647 2707 mirari
664 2699 677 2716 ‚
738 2687 786 2711 ne
834 2683 871 2713 te
928 2682 1119 2726 tantopere
1171 2679 1282 2719 Urbis
1332 2682 1533 2722 illecebrae
