1737 3054
611 226 668 235 -
759 210 841 250 213
934 228 990 237 —-

429 322 972 373 ARGUMENTUM
1011 325 1156 371 XXI.

607 455 999 478 mmmmm

110 559 392 651 Magnas
419 591 516 636 lzoc
548 605 768 638 carmen
799 590 1030 636 virtutes
1047 595 1096 633 et
1124 587 1354 634 colorem
1373 600 1497 632 vere

108 658 353 716 lyricum
391 658 588 713 habet,
635 660 747 703 sive
771 657 1167 708 sententiarum
1197 656 1500 700 conversio-

108 738 256 777 nem,
292 722 364 767 ad
384 715 568 784 finem
596 738 760 784 usque
783 729 1090 777 servatam,
1126 724 1501 780 copiosamque

107 790 466 844 varietatem,
514 790 625 834 sive
668 789 1036 849 eloquutionis
1070 795 1358 842 ornatum,
1411 803 1504 830 nu·

108 869 480 913 merorumque
508 863 717 913 spectes
747 861 1101 899 venustatem.
1142 853 1369 899 Omnino
1404 853 1502 896 hoc

108 919 167 961 in
205 921 434 965 Horatio
473 923 693 982 quisque
721 921 914 978 paullo
959 919 1176 965 acutior
1192 917 1380 979 facile
1418 918 1505 962 ob-

109 986 353 1029 servabit
373 1017 388 1038 ,
430 991 539 1029 tum
562 987 801 1032 maxime
829 987 896 1029 ab
929 1000 986 1028 eo
1017 985 1393 1043 exquisitioris
1424 983 1510 1025 do-

111 1050 328 1092 ctrinae
366 1052 553 1109 copias
592 1051 870 1109 expromi,
919 1051 1011 1093 ubi
1048 1065 1163 1094 cum
1202 1051 1319 1094 viro
1349 1049 1506 1093 docto

110 1121 272 1174 atque
310 1117 661 1176 intelligente
702 1118 826 1178 agit
850 1132 869 1171 ,-
924 1117 1140 1175 qualem
1180 1116 1390 1174 quidem
1427 1113 1508 1158 M.

109 1181 396 1226 Valeriam
437 1182 738 1227 Messalam
784 1183 1072 1227 Corvinum
1104 1178 1326 1240 fuisse,
1370 1180 1512 1223 satis

111 1253 347 1290 constat.
386 1244 472 1306 Cf'.
500 1249 564 1291 de
597 1263 654 1292 eo
698 1249 804 1293 Cic.
839 1262 917 1304 ep.
954 1247 1026 1290 ad
1045 1247 1205 1291 Brut.
1236 1244 1311 1289 15.
1350 1245 1508 1305 Virg.

113 1312 291 1356 Catal.
316 1312 412 1355 XI.
441 1314 544 1357 Cir.
573 1310 651 1363 54.
687 1304 896 1356 Tib‘ull.
928 1312 1023 1357 IV.
1046 1326 1089 1355 1.
1111 1312 1294 1369 Neque
1324 1311 1515 1354 litera-

112 1392 233 1421 rum
273 1378 482 1430 solum,
531 1380 769 1422 maxime
810 1391 1030 1435 poeseos
1065 1383 1228 1434 atque
1275 1375 1512 1433 plziloso-

111 1443 273 1499 pliiae
301 1440 727 1501 laudeflorebat
757 1444 963 1484 eximia
983 1473 996 1492 ‚
1032 1441 1123 1482 sed
1153 1446 1204 1481 et
1236 1441 1394 1482 rebus
1422 1455 1516 1496 pa-

113 1522 172 1551 ce
186 1508 431 1566 belloque
465 1503 565 1566 (cf.
585 1507 704 1550 Tib.
721 1507 766 1549 I.
787 1523 829 1564 7.
855 1506 1191 1562 triumphum
1218 1503 1341 1563 ejus
1356 1506 1516 1563 Aqui-

115 1574 358 1618 tanicam
386 1572 786 1620 celebrantem)
825 1572 1050 1631 egregie
1088 1571 1260 1630 gestis
1285 1566 1520 1615 amiciti-

0 1670 1 1680 ,
114 1654 202 1682 am
223 1637 573 1699 gratiamque
587 1638 831 1697 Augusti
845 1642 1246 1694 promeruerat,
1274 1636 1516 1694 idemque

0 1683 2 1749 J
113 1719 229 1748 cum
264 1703 569 1747 Octaviano
607 1704 719 1748 Cos.
739 1700 949 1762 J'uerat
984 1718 1034 1746 a.
1079 1702 1140 1746 U.
1170 1695 1516 1746 DCCXXIII.

0 1751 3 1777 ³
119 1770 278 1814 Talis
305 1769 486 1827 igitur
510 1775 804 1828 tantusque
833 1770 920 1811 vir
950 1784 1108 1827 quum
1129 1768 1350 1811 coenam
1368 1766 1519 1824 apud

108 1836 398 1881 Horatium
425 1835 779 1888 condixisset,
813 1840 976 1892 poeta
1003 1834 1257 1878 laetitiae
1286 1848 1516 1885 sensum,

116 1917 215 1961 quo
259 1901 476 1959 penitus
510 1897 770 1959 adfectus
798 1906 946 1953 erat,
998 1900 1079 1942 ita
1118 1900 1421 1957 expromit,
1457 1903 1518 1942 ut

116 1973 384 2012 vetustum
413 1972 573 2025 atque
604 1967 838 2023 optimae
867 1970 1028 2008 notae
1045 1964 1344 2009 Massicum
1359 1979 1518 2007 suum

114 2035 174 2077 in
205 2032 488 2078 Messalae
514 2034 773 2076 honorem
799 2031 861 2075 de
888 2032 1164 2076 veterario
1192 2030 1518 2075 descendere

105 2098 324 2159 jubeat.
373 2099 548 2147 Facta
583 2099 687 2142 Izac
732 2097 1129 2142 sententiarum
1165 2097 1519 2149 conversione

108 2161 295 2225 facile
326 2170 445 2208 erat
479 2169 700 2221 poetae,
748 2164 805 2207 in
836 2163 954 2214 vini
979 2162 1172 2208 laudes
1201 2168 1361 2219 atque
1391 2159 1519 2226 effe-

120 2235 210 2274 cta
250 2229 558 2277 (Messalae
589 2235 768 2272 tamen
799 2229 991 2274 habita
1022 2230 1240 2273 ratione
1267 2242 1351 2275 vv.
1384 2243 1427 2285 9.
1454 2249 1518 2258 ——

121 2297 220 2345 16.)
249 2308 538 2342 excurrere
554 2312 573 2351 ,-
595 2310 758 2354 super
775 2295 969 2353 quibus
981 2293 1325 2354 satisjejune
1343 2294 1516 2352 intpp.

121 2363 385 2421 argutari
425 2362 628 2405 videas.
680 2362 951 2415 Ceterum,
989 2367 1041 2404 et
1077 2360 1348 2405 orationis
1381 2362 1520 2411 colo-

10 2454 17 2507 ί
122 2443 232 2473 rem
278 2432 329 2469 et
362 2429 662 2471 sententias
695 2427 861 2485 plane
903 2442 1140 2487 graecas
1170 2441 1281 2480 esse
1322 2426 1379 2474 in
1419 2427 1519 2471 lzoc

123 2494 393 2545 carmine,
443 2492 514 2536 ad
544 2493 860 2553 argumenti
901 2494 1170 2539 rationem
1205 2494 1522 2550 alz'qzzantm

13 2559 19 2642 l
126 2559 235 2603 lum
256 2556 521 2618 inflexas,
549 2559 647 2603 vix
666 2558 1034 2605 admonitione
1067 2574 1226 2620 egere
1253 2559 1517 2606 arbitror.

16 2712 21 2738 ἱ

15 2745 21 2762 ι
