1689 3086
595 211 652 220 ...-
740 196 819 241 531
916 210 968 225 -ι

93 297 247 335 alterum
271 302 416 348 signate
440 299 486 336 de
509 302 693 352 equitatu)
720 302 916 341 deseruere
939 303 1012 337 ista
1037 310 1172 346 castra,
1195 307 1386 343 canentes,
1409 304 1489 341 lau..

96 359 228 396 dantes
257 362 415 398 clamore
436 361 573 398 bellico
606 364 818 404 Caesarem,
850 367 1019 415 potiores
1041 368 1122 411 ejus
1147 373 1279 413 partes
1301 370 1364 400 rati
1384 393 1391 406 ,
1421 381 1488 417 pro

97 421 253 469 vulgari,
280 431 508 460 transeuntes
533 424 581 460 ad
621 425 837 462 Caesarem.
862 425 971 461 Illud·
993 434 1117 460 autem
1154 430 1271 471 posuit
1301 437 1406 476 poeta
1447 440 1492 465 ex

95 494 198 520 more
222 487 325 522 istius
352 489 486 534 genitia,
514 501 599 524 cum
626 497 736 524 cantu
760 501 920 538 pugnam
950 490 1049 523 ciere
1083 486 1236 528 soli111e;
1266 502 1490 539 quamquam

97 549 212 584 etiam
237 549 284 585 de
305 550 572 587 adclamatione
592 551 775 594 Romana,
798 566 832 586 v.
857 564 890 587 c.
915 548 1041 593 Salve,
1066 549 1286 600 Imperator,
1309 551 1408 585 haud
1429 551 1493 586 ab-

97 611 231 654 surde,
256 612 456 660 intelligas.
480 630 526 643 -—
551 624 605 658 19.
629 623 686 649 20.
713 614 794 649 Jam
824 615 972 649 navales
1006 615 1132 661 copias
1155 621 1265 662 poeta
1299 621 1493 656 memorat,

98 684 196 723 quae
221 674 354 710 eadem
382 676 649 723 indignatione,
674 676 772 727 quod
794 675 953 711 feminae
982 678 1160 712 eunuchis
1195 674 1397 726 parendum
1435 687 1495 710 es-

98 743 170 777 set,
193 746 312 770 motae
325 749 483 786 pugnam
510 737 794 778 detrectassent,
812 745 847 773 et
874 739 909 772 in
925 746 1083 788 portum,
1107 737 1195 772 dum
1217 735 1496 783 confligeretur,

100 799 355 832 recessissent.
381 798 509 835 Facile
532 800 750 846 intelligitur
775 809 922 849 poetam
946 802 980 834 in
996 812 1076 835 rem
1097 812 1199 835 suam
1214 801 1380 842 vertisse,
1395 798 1499 851 quod.

99 870 143 893 ex
167 860 311 904 ignavia
335 870 444 911 atque
474 865 607 896 timore
629 860 773 896 tactum
793 870 901 897 esset.
938 861 1191 909 Exaggerasse
1217 870 1340 898 autem
1380 871 1498 911 poeta

99 921 281 969 putandus
306 929 371 961 est,
398 923 497 971 quod
518 922 663 957 tradunt
686 923 881 964 Historici‚
903 924 1001 958 male
1028 925 1155 958 omnia
1181 931 1268 958 ante
1288 925 1499 971 pugnamin

99 982 250 1016 Antonii
279 982 395 1019 classe
419 984 680 1020 administrata
711 986 828 1021 fuisse
853 981 905 1025 (τ’
927 984 1083 1018 ναυτικόν
1109 983 1497 1028 ἐνπκντὶὸυσημγοῦν,

99 1041 125 1093 g
152 1041 283 1089 πρδς
306 1037 493 1079 ἅπασαν
523 1043 764 1093 ὑστερίζον
789 1044 1030 1087 βοήθειαν
1058 1044 1313 1080 Fiat-Anton.
1341 1057 1499 1094 p-t729.

93 1105 254 1155 Steph.)
279 1115 337 1140 aut
362 1109 492 1156 utique
520 1109 695 1152 primum,
721 1109 783 1156 qui
809 1119 888 1142 rem
911 1108 958 1140 ita
983 1114 1126 1152 gestam
1149 1106 1397 1150 exposuisset,
1411 1121 1500 1142 nun.

101 1169 197 1202 tium
221 1176 368 1202 secutus
393 1181 489 1210 esse,
518 1168 553 1203 id
578 1168 678 1220 quod
701 1182 720 1204 e
742 1182 798 1204 vv.
829 1178 874 1210 29
897 1176 1010 1207 —320
1025 1167 1070 1202 de
1092 1167 1244 1202 Antonii
1273 1167 1501 1219 fuga‚quum.

98 1229 171 1264 hoo
192 1241 342 1265 carmen
357 1230 554 1270 scriberet,
579 1229 735 1265 necdum
756 1231 848 1264 certi
868 1227 959 1280 quid
986 1230 1201 1264 constitisse
1239 1229 1499 1275 prodentibus,

100 1292 190 1325 satis
216 1289 463 1337 probabiliter
491 1299 644 1327 statuas.
684 1289 762 1324 Jam
786 1302 870 1340 pars
906 1293 972 1324 ista
993 1291 1153 1332 navium,
1186 1300 1280 1339 quae
1309 1298 1391 1339 post
1425 1293 1500 1339 pri.

101 1364 197 1386 marn
223 1355 524 1398 congressionem
552 1354 585 1387 in
610 1361 759 1401 portum
780 1351 980 1396 refugeret,
1007 1363 1080 1402 quo
1098 1353 1218 1385 minus
1233 1350 1500 1389 discessioista

107 1413 458 1455 animadveteretur‚
478 1425 626 1460 puppes
650 1412 787 1454 ciebat,
819 1414 853 1448 h.
874 1419 922 1449 ita
944 1423 1142 1448 retrorsum
1174 1411 1366 1459 agebatur.
1404 1427 1501 1464 pup-

106 1489 172 1527 pes
196 1475 490 1522 praecederent,
524 1487 658 1523 prorae
679 1483 925 1523 sequerentur
950 1475 1041 1517 (Gr.
1069 1471 1226 1520 πρύμναν
1257 1475 1501 1520 ερούσασθαι,

101 1537 218 1571 remis
246 1536 455 1580 inhibere)‚·
478 1537 587 1586 idque
614 1537 883 1569 sinistrorsum
908 1536 987 1571 fieri
1015 1535 1235 1586 oportebat,
1271 1539 1351 1573 acie
1384 1541 1501 1573 Anto-

101 1602 150 1635 nii
175 1598 409 1635 dextrorsum
436 1597 580 1633 Italiam
607 1611 733 1633 versus
779 1597 919 1633 directa
959 1607 1068 1649 atque
1100 1597 1292 1646 explicita.
1330 1597 1504 1634 Alienam

101 1673 146 1697 ac
169 1671 318 1707 prorsus
339 1660 616 1695 incommodam
642 1661 864 1694 sententiam
895 1659 1069 1702 inferunt,
1091 1660 1154 1708 qui
1181 1658 1226 1694 de
1248 1657 1331 1704 fuga
1349 1661 1505 1694 Antonii

103 1729 140 1755 et
163 1721 363 1769 Cleopatra
391 1722 571 1767 cogitant,
605 1720 704 1770 quod
735 1718 794 1754 vel
826 1733 883 1753 vv.
917 1729 974 1759 17.
1008 1727 1062 1758 18.
1094 1719 1248 1764 docent,
1285 1727 1320 1755 et
1351 1719 1503 1768 adjecta

100 1787 216 1827 portu
236 1782 373 1824 latent,
396 1795 493 1833 quae
517 1782 714 1833 quominus
737 1780 783 1816 de
807 1779 1065 1818 Alexandrino
1094 1789 1204 1831 portu
1225 1782 1501 1831 interpreteris,

102 1849 203 1879 vetat
222 1857 254 1880 v.
275 1853 318 1888 ‘19
338 1856 417 1893 sqq.
1194 1847 1199 1852 “

195 1915 231 1939 v.
259 1915 299 1938 αι
316 1905 434 1939 —26.
456 1903 527 1937 Vix
549 1904 669 1948 primo
692 1903 805 1938 allato
827 1904 1004 1939 victoriae
1029 1904 1160 1939 nuntio
1176 1916 1354 1954 pompam
1375 1912 1502 1943 statim

97 1966 357 2015 triumphalem
371 1972 563 2013 exspectat
584 1972 710 2009 poeta,
733 1964 831 2016 quod
853 1962 1041 2001 effreniori
1061 1969 1139 2013 ejus
1158 1966 1321 2004 laetitiae
1336 1966 1503 2005 adfectui

98 2029 268 2074 adprime
307 2027 493 2063 convenit-
519 2025 690 2072 vulgaris
725 2029 930 2062 enuntiatio
969 2036 1070 2064 erat:
1108 2028 1310 2079 Ecquando
1346 2029 1504 2066 ducetur

100 2087 335 2138 triumphus,
367 2088 424 2124 vel
448 2086 761 2136 splendidissimis
786 2090 895 2123 Marii
927 2097 962 2124 et
991 2091 1175 2140 Scipionis
1207 2090 1503 2127 anteferendus?

99 2150 172 2186 Pro
198 2149 270 2185 hoc
292 2148 339 2185 ad.
365 2148 614 2198 Triumphum
637 2150 759 2185 Deum
793 2152 996 2185 orationem
1027 2153 1209 2187 convertit
1234 2160 1361 2201 poeta,
1385 2155 1505 2202 queri·

101 2221 235 2262 turque
259 2210 358 2262 quod
382 2211 523 2248 Urbem
546 2226 618 2247 non
645 2210 751 2247 illico
780 2214 916 2255 intret,
945 2225 1169 2264 pompamqe
1181 2213 1275 2250 adeo
1301 2214 1502 2264 triumpha—

105 2272 183 2309 lem
208 2285 251 2307 ae
285 2270 437 2307 solenne
460 2272 682 2308 sacrificium
706 2281 880 2308 moretur.
931 2274 1024 2308 Nam
1048 2287 1209 2323 pompae
1236 2277 1295 2310 isti
1314 2288 1504 2325 praaesse,

107 2346 188 2370 eam
212 2335 289 2382 ipse
314 2332 449 2368 ducere
472 2333 649 2369 creditus.
678 2333 784 2379 Qua-e
808 2333 938 2369 eadem
968 2335 1232 2372 adclamationi
1261 2338 1435 2383 solenni,
1465 2338 1504 2374 io

107 2395 317 2440 triumphe,
343 2396 400 2436 (ut
423 2392 459 2427 ἰώ
482 2392 616 2438 Βάκχε)
645 2393 693 2428 ad
717 2407 823 2444 quarn
850 2393 983 2429 alludit
1008 2407 1132 2445 poeta,
1167 2400 1292 2435 subest
1325 2401 1433 2435 ratio.
1458 2416 1504 2427 -··

107 2469 244 2493 currus
270 2469 422 2500 aureos,
440 2469 588 2493 currum
613 2457 886 2506 triumphalem,
909 2471 999 2493 auro
1023 2467 1058 2494 et
1078 2458 1190 2495 ebore
1216 2470 1380 2497 ornatum
1398 2467 1506 2507 {om-

103 2524 193 2557 nino
214 2533 282 2570 pro
304 2532 441 2569 pompa
462 2519 692 2567 triumphali.
715 2520 944 2555 Sacrificium
965 2519 1046 2555 Jovi
1071 2520 1285 2570 Capitolino
1325 2536 1345 2558 a
1377 2512 1507 2558 trium·

110 2583 267 2632 phatore
292 2580 505 2617 faciendum
528 2580 716 2617 declarant
743 2582 852 2617 boves
873 2583 1052 2622 intactae,
1073 2585 1200 2630 jugum
1227 2584 1322 2619 haud
1348 2596 1509 2630 passae·.

112 2654 156 2682 ex
179 2655 295 2688 more,
315 2651 354 2679 ut
383 2643 630 2683 notissimum.
667 2642 756 2680 Vid.
776 2643 904 2694 Intpp.
924 2644 969 2681 ad
992 2644 1090 2681 Petr.
1111 2657 1143 2680 c.
1176 2653 1256 2686 105.
1281 2663 1328 2672 —
1354 2643 1509 2688 23.Pu1·

1095 2709 1249 2754 L12
