1689 3086
461 268 1182 317 Adnotationes.

221 388 256 410 v·
287 388 318 414 1.
344 378 491 414 Utinam
518 377 710 423 Maevius,
740 383 810 417 iter
831 382 923 416 mari
945 381 1144 427 ingressus,
1167 385 1424 431 tempestatem
1440 394 1521 431 gra·

130 438 313 474 vissimum
338 443 563 490 experiatur,
584 453 698 493 eaque
720 441 916 478 obruatur!
941 440 1076 476 votum
1104 442 1186 485 hoc,
1212 443 1302 480 'vide
1324 456 1400 495 qua
1422 445 1521 481 colo.

128 511 210 533 rum
236 497 400 546 ἐναργείᾳ
422 502 716 546 adumbraverit,
744 511 954 554 quantaque
975 500 1175 537 virulentia
1189 503 1518 546 acerbaveritpoe·

127 563 176 595 ta.
201 579 249 588 —
274 562 386 599 Navis
409 565 539 598 soluta
566 564 782 601 retinaculis
810 564 896 599 exit
920 577 938 599 e
963 571 1084 612 portu,
1110 563 1222 599 altum
1255 570 1369 613 petit,
1395 567 1521 608 sohar,

127 623 245 674 (quod
268 628 456 676 proprium
478 628 546 662 hac
570 627 616 664 ‹le
639 641 678 664 re
705 627 872 668 verbum)
897 626 1002 660 mala
1037 625 1156 669 alite,
1193 624 1336 669 ἀπαισίῳ
1376 625 1518 670 ὄρνιθι,

124 685 367 736 inauspicato,
388 688 550 726 infausto
577 692 716 734 omine,
743 689 869 725 infelix
898 691 968 724 iter
980 687 1184 723 facturaest
1201 689 1394 733 (contrain
1408 688 1520 739 Prop·

120 743 189 779 IV·
221 757 252 783 1.
278 749 337 792 40.
369 749 402 784 O
426 750 533 796 quali
557 750 673 785 ducta
698 756 755 785 est
781 749 972 784 Dardana
988 750 1133 796 puppis
1144 759 1224 792 ave,
1247 758 1300 784 est
1311 763 1418 800 quam
1432 763 1517 800 pro-

120 819 229 856 spera
261 811 496 856 navigatione
531 824 596 847 usa
631 817 685 848 est
716 813 761 849 D.
793 811 862 860 μ).
902 808 1208 862 quandoquidem
1244 812 1518 861 (inprosperae

123 869 223 903 enim
257 873 504 918 navigationis
542 884 652 909 causa
677 887 695 908 a
716 880 826 922 poeta
851 870 1019 907 subnecti
1057 869 1237 921 putanda)
1262 870 1375 918 fert.
1415 873 1516 909 vehit

121 927 336 971 Maenium,
361 932 410 968 ob
436 933 639 972 Mam-ium,
668 946 777 984 quem
806 932 928 978 vehi13
955 933 991 964 in
1015 933 1234 982 quo‘statim
1265 945 1396 981 magna
1418 947 1517 969 ama-

118 991 244 1028 ritudo
268 995 377 1029 inest.
404 1013 449 1021 —
473 996 641 1030 olentem
668 995 802 1030 hircini
828 995 952 1030 odoris
976 994 1182 1029 hominem.
1230 996 1307 1029 Alii
1342 1006 1515 1048 tanquam

114 1049 292 1100 Rutgers.
319 1053 419 1089 lectt.
440 1054 486 1089 X.
504 1064 560 1090 10.
587 1055 751 1090 carmina
771 1055 916 1090 Maevii
942 1056 1061 1089 notari
1083 1054 1416 1097 volunt,0bsoletis
1436 1071 1515 1094 ver-

112 1110 185 1155 bis,
212 1126 304 1165 quae
326 1114 544 1156 adfectam,
569 1118 734 1166 putentia
750 1128 796 1152 ac
814 1115 978 1151 sordida.
1000 1117 1110 1162 Quod
1133 1119 1200 1152 etsi
1225 1116 1403 1168 loquendi
1428 1133 1511 1156 usus

111 1172 207 1209 serat
235 1175 392 1218 (Auctor
411 1177 458 1213 de
480 1190 582 1213 caus.
606 1191 701 1214 corr.
731 1178 861 1230 Eloqu.
888 1191 918 1213 c·
947 1177 1066 1213 XXII.
1095 1177 1283 1223 quaedam
1305 1190 1389 1213 vero
1419 1192 1509 1224 pro-

112 1237 177 1270 cul
199 1243 406 1272 arceantur
426 1245 462 1274 et
483 1241 569 1284 jam
586 1239 791 1275 obliterata
819 1245 856 1274 et
889 1239 1033 1273 olentia
1060 1240 1166 1283 cet.),
1191 1239 1361 1275 acerbior
1382 1249 1509 1279 tamen

110 1296 258 1334 videtur
285 1302 361 1336 vitii
384 1303 550 1352 corporis
571 1301 805 1351 exprobatio,
828 1314 1050 1352 quamquam
1073 1299 1169 1335 illud
1192 1314 1211 1336 a
1236 1303 1349 1336 nimia
1360 1304 1511 1352 pingue·

109 1359 198 1394 cline
222 1362 339 1412 (quod
366 1363 539 1414 plerique
564 1378 599 1398 v.
626 1373 684 1402 21.
709 1365 812 1398 innui
838 1362 1049 1406 autumant)
1075 1370 1367 1399 ortumstatuere
1381 1364 1510 1400 nolim.

111 1420 189 1456 Sed
219 1423 300 1471 ipso
328 1433 439 1473 poeta
463 1426 682 1474 iniquiorem
707 1423 878 1459 Maevius
905 1433 1082 1473 expertus
1116 1428 1172 1459 est
1203 1423 1418 1469 Cruquium‚
1445 1431 1507 1477 qui

109 1483 184 1519 hoc
206 1485 376 1534 epitheto
398 1499 438 1522 se
458 1485 641 1522 insulsum
671 1493 844 1534 poetam,
883 1485 1123 1520 libidinosum
1158 1486 1328 1534 (propter
1366 1500 1399 1524 v.
1430 1490 1508 1532 23.)

109 1547 279 1583 timidum
303 1548 462 1599 denique
484 1559 594 1600 atque
617 1547 818 1594 insipidum
842 1547 1015 1596 (propter
1055 1559 1189 1593 agnam
1218 1560 1250 1582 ν’.
1278 1548 1358 1596 24.)
1394 1550 1509 1585 homi-

109 1622 192 1644 nem
217 1608 265 1644 ab
286 1610 441 1645 Horatio
466 1617 625 1644 notatum
651 1617 839 1656 argueret.

201 1681 234 1706 v.
260 1669 594 1707 3—8.Conilictus
620 1671 778 1720 plurium
806 1673 998 1704 ventorum
1013 1667 1244 1713 (μισγόμενοι
1257 1665 1379 1712 οἷνεμοι
1393 1669 1502 1709 Hom.

105 1730 179 1769 Od.
208 1730 256 1766 11.
276 1735 392 1774 315.)
417 1732 583 1768 solennis
604 1735 724 1777 poetis
753 1733 791 1765 in
816 1731 996 1775 gravioris
1024 1734 1255 1779 tempestatis
1283 1729 1505 1780 descriptio-

103 1807 164 1837 ne,
190 1791 289 1844 quod
310 1792 356 1827 ad
376 1801 526 1829 naturae
552 1793 652 1841 leges
680 1807 751 1827 non
773 1789 1018 1837 exigendum·
1040 1791 1081 1826 In
1100 1791 1170 1827 hac
1200 1798 1326 1828 autem
1343 1819 1354 1836 ‚
1392 1807 1503 1843 quum

104 1867 163 1890 res
182 1855 228 1890 ad
253 1853 437 1905 speciales
466 1856 635 1890 notiones
660 1853 868 1889 revocanda
889 1859 992 1893 erat,
1027 1864 1109 1887 cnm
1143 1855 1281 1889 variata
1314 1868 1382 1903 per
1416 1869 1504 1905 apo-

100 1917 279 1965 strophen
305 1922 489 1952 structura
513 1916 715 1966 plurimum
737 1915 927 1949 suavitatis
949 1912 1081 1959 habet,
1111 1921 1200 1956 tum,
1237 1916 1335 1959 quod
1369 1919 1501 1971 cuique

103 1977 182 2014 fere
211 1986 332 2020 vento,
358 1990 449 2029 quas
475 1987 665 2028 quemque
685 1981 816 2025 partes
838 1979 931 2012 tueri
967 1975 1071 2017 velit,
1107 1977 1275 2023 injungit.
1314 1982 1499 2027 Majorem

102 2054 249 2091 quoque
271 2045 342 2075 vim
369 2040 480 2076 babet
506 2038 764 2090 praecipiendi
789 2037 948 2073 formula
972 2028 1179 2076 mem'ento,
1210 2040 1261 2073 tui
1287 2037 1402 2076 officii
1435 2057 1501 2092 pu-

104 2103 196 2143 tato,
229 2101 297 2136 tibi
320 2113 428 2138 curae
450 2104 512 2145 sit,
535 2103 606 2138 hoc
627 2099 759 2136 sedulo
780 2111 893 2147 ages,
922 2112 1028 2151 quam
1050 2098 1231 2148 optandi,
1266 2101 1430 2137 utinam.
1453 2123 1502 2132 —

100 2168 308 2210 utrumque
335 2165 436 2199 navis
462 2167 583 2208 latus,
605 2174 738 2198 navem
766 2162 950 2212 utrimque
977 2158 1168 2202 verberes,
1208 2161 1355 2209 pulses,
1396 2162 1499 2201 labe-

98 2223 236 2266 factes,
259 2225 449 2260 convellas
473 2227 646 2261 excitatis
666 2230 775 2275 atque
802 2222 922 2259 allisis
944 2221 1150 2270 fluctibus,
1179 2222 1306 2259 attolle
1341 2224 1469 2261 fluctus
1488 2252 1500 2269 ,

100 2290 166 2336 qui
190 2287 348 2322 laterum
373 2300 586 2336 compagem
608 2286 825 2322 dissolvant.
854 2285 939 2320 val.
961 2284 1019 2322 Fl.
1045 2285 1074 2320 1.
1104 2296 1186 2329 939.
1210 2285 1330 2320 Illam
1348 2286 1421 2320 huc
1441 2291 1497 2320 at-

98 2361 170 2394 que
190 2348 285 2382 illuc.-
306 2360 405 2382 ntmc
430 2355 609 2396 torquens
634 2348 807 2383 verberat
830 2347 972 2383 Eurus.
1008 2349 1140 2383 Noster
1171 2351 1336 2383 ornatior
1354 2374 1365 2391 ,
1396 2349 1497 2398 quod

100 2411 354 2446 Burmannum
377 2412 482 2456 fugit.
507 2431 553 2438 —
587 2411 752 2446 horridis
784 2410 948 2455 tumidis,
971 2409 1144 2460 adposito
1175 2410 1359 2459 epitheto.
1395 2428 1440 2436 —-
1458 2417 1494 2451 5.

97 2475 129 2508 ὁ.
158 2472 390 2508 Ornatissimi
421 2474 568 2509 versus!
597 2473 712 2509 Eurus
739 2486 837 2508 mare
864 2471 1073 2516 conturbet,
1098 2484 1295 2522 remosque
1308 2470 1494 2506 acruden-

100 2541 155 2568 tes
177 2532 332 2569 auferat.
361 2533 477 2569 Eurus
490 2535 612 2580 niger,
625 2534 739 2571 nubes
754 2533 998 2581 conglobans,
1018 2533 1171 2580 δνοφερνῖ
1197 2531 1340 2567 θύελλα
1353 2532 1494 2579 (Orph.

103 2597 240 2643 Argon.
267 2596 390 2636 ¹¹80&
418 2595 502 2633 Val.
526 2595 584 2632 FI.
602 2593 650 2631 ll.
675 2597 759 2637 365.
789 2594 1010 2642 Insequitur
1035 2593 1159 2640 niger,
1180 2597 1218 2628 et
1238 2592 1492 2638 magniscam
