1737 3054
652 192 709 209 a...
802 186 851 226 15
940 178 998 202 ²—-

202 288 385 343 Fatalis
415 300 725 357 incestusque
751 291 898 357 judex

261 362 322 408 Et
348 361 531 407 mulier
552 362 820 425 peregrina
847 360 997 406 vertit

131 489 189 553 ln
215 494 504 554 pulverem,
542 510 599 556 ως
630 509 726 556 quo
764 486 987 538 destituit
1012 488 1145 536 D'e'os

128 558 364 609 Mercede
391 567 531 620 pacta
555 558 842 605 Laomedon
861 591 875 614 ,
910 556 1037 602 mihi

193 628 459 688 Castaequ'e
487 626 778 672 damnatum
799 624 1057 670 Minervae

259 694 384 738 Cum
403 691 592 754 populo
619 699 668 738 et
690 692 815 738 duce
839 688 1174 736 fraudulente.

122 824 234 883 Jam
265 840 354 867 nec
386 825 639 869 Lacaenae
667 821 891 884 splendet
923 821 1175 867 adulterae

125 887 367 933 Famosus
392 890 594 949 hospeS‚
624 905 713 934 nec
738 888 923 933 Priami
947 890 1125 934 domus

183 952 387 1011 Perjura
413 954 651 1014 pugnacis
675 955 882 998 Achivos

251 1017 505 1064 Hectoreis
538 1019 716 1080 opibus
747 1016 1010 1082 refringit=

118 1147 409 1211 Nostrisque
446 1150 653 1195 ductum
685 1147 1011 1195 seditionibus

116 1212 311 1259 Bellum
344 1216 543 1260 resedit.
612 1216 850 1260 Protenus
882 1223 931 1260 et
967 1209 1127 1278 gravis

178 1280 312 1331 Iras,
341 1288 389 1326 et
413 1283 626 1327 invisum
664 1289 931 1340 nepotem,

243 1345 402 1391 Troi‘a
430 1361 579 1410 quem
606 1350 802 1408 peperit
834 1344 1091 1399 sacerdos,

109 1464 264 1519 Marti
290 1473 557 1535 redonabo.
627 1472 779 1518 Illum
812 1488 902 1535 ego
925 1471 1116 1519 lucidas

111 1534 239 1588 Inire
270 1541 427 1596 sedis,
466 1542 649 1585 ducere
686 1543 900 1585 nectaris

175 1601 353 1649 Succos
370 1638 383 1658 ,
424 1614 471 1650 et
500 1605 714 1652 adscribi
739 1605 918 1667 quietis

241 1670 517 1715 Ordinibus
540 1671 702 1733 patiar
725 1671 969 1717 Deorum„

102 1792 240 1864 Dum
266 1796 443 1863 longus
481 1807 613 1846 inter
638 1805 821 1846 saeviat
855 1801 977 1845 Ilion

102 1866 411 1929 Romamque
436 1876 646 1927 pontus3
683 1867 904 1930 qualibet
937 1865 1125 1913 exsules

165 1934 221 1979 In
244 1941 384 1994 parte
416 1940 653 1995 regnanto
687 1934 848 1978 beati:

233 1999 369 2044 Dum
396 2000 578 2045 Priami
609 1998 907 2062 Paradisque
936 1999 1084 2044 busto

98 2133 303 2191 insultet
332 2153 644 2203 armentum,
681 2154 729 2191 et
755 2144 940 2190 catulos
967 2144 1100 2190 ferae

97 2210 266 2256 Celent
300 2211 513 2267 inultae3
545 2219 638 2257 stet
671 2211 972 2271 Capitolium

161 2274 404 2339 Fulgens,
443 2279 859 2339 triumphatisque
902 2282 1059 2335 possit

224 2342 380 2389 Roma
415 2343 556 2389 ferox
583 2344 699 2390 dare
736 2343 846 2406 jura
868 2342 1049 2389 Medis.

95 2487 355 2534 Horrenda
380 2489 478 2535 late
507 2502 690 2536 nomen
714 2495 764 2534 in
794 2488 993 2533 ultimas

93 2551 336 2599 Extendat
361 2572 496 2612 oras,
531 2573 625 2618 qua
653 2556 847 2601 medius
875 2555 1037 2617 liquor

160 2617 386 2665 Secernit
418 2619 650 2684 Europen
684 2624 742 2668 ab
768 2620 883 2666 Afro
901 2654 913 2675 ‚

220 2687 329 2751 Qua
355 2687 574 2736 tumidus
597 2688 727 2751 rigat
760 2704 876 2738 arva
906 2685 1042 2734 Nilus
1065 2704 1073 2729 τ

1468 372 1530 406 20

1456 1215 1520 1260 50
