1737 3054
710 163 937 213 -354
1038 180 1094 192 ....

228 277 390 312 ltaliam
405 282 570 324 portans
590 276 782 323 victosque
793 276 979 313 Ρεηαὶως
1003 271 1066 308 ubi
1079 270 1161 307 vide
1175 282 1268 320 quae·
1283 276 1494 320 sequuntur.
1510 277 1618 312 —55.

229 338 295 372 Pii
321 343 471 376 Aeneae
496 340 658 375 maxime
686 346 869 388 respectu,
891 343 1029 370 natum
1050 332 1168 369 Iulum
1197 341 1232 368 et
1267 337 1465 367 moturum
1497 340 1616 368 aetate

226 400 414 437 Anchisen
427 413 551 438 secum
564 401 800 450 asportantiS,
824 399 914 434 haec
926 397 1206 433 commemorari
1224 397 1405 431 existima.
1428 395 1467 429 In
1488 399 1621 438 pertu-

226 461 277 496 lit
289 474 451 499 summae
476 464 703 499 constantiae
719 461 841 494 notio;
869 467 905 494 et
932 454 1126 491 Ausoniae
1149 456 1257 490 urbes
1289 455 1397 490 docte
1420 453 1618 489 Italiadic-

228 526 279 562 ta,
306 522 351 571 ab
377 522 602 566 Ausonibus,
631 521 790 570 antiquis
823 519 948 553 ltaliae
987 516 1132 553 incolis.
1167 517 1261 554 Vide
1299 521 1446 553 omnino
1482 516 1618 563 Heynii

226 583 322 619 ΕΚΘ·
345 582 412 621 IV.
438 584 485 619 ad
509 583 601 618 Aen.
627 582 712 617 VII.
740 583 796 621 37.
813 594 846 628 p.
864 588 946 622 129.

321 657 356 682 υ,
379 656 425 690 5⁷
448 655 526 691 sqq.
553 646 652 679 Gens
679 643 746 675 ista
765 666 774 682 ,
812 652 924 690 quum
959 637 1127 674 cladibus
1148 641 1308 673 attritam
1327 652 1369 674 ac
1395 650 1514 688 paene
1537 649 1621 673 con-

228 704 362 742 sectam
387 714 518 754 putes,
547 712 623 739 tum
649 703 750 736 velut
773 699 819 733 ab
844 699 1025 746 stirpibus
1051 700 1188 733 laetius
1201 699 1451 747 feraciusque
1479 702 1544 743 (ut
1573 700 1620 735 de

226 766 360 802 eadem
382 766 465 800 Liv.
485 765 547 799 Vl.
573 765 624 806 1,)
644 761 858 796 renascitur
877 788 885 803 ‚
918 762 1079 806 exsurgit
1096 775 1104 801 ·‚
1129 761 1255 804 major
1275 771 1422 805 semper
1433 762 1620 809 frequen-

224 827 375 871 tiorque
402 837 473 870 pro
511 828 568 857 tot
603 824 721 858 caesis
759 821 992 858 exercitibus
1029 821 1256 864 subole-ecit,
1298 822 1397 873 quod
1419 821 1465 857 de
1492 822 1620 858 eadem

226 888 340 922 iidem
366 886 687 933 Carthaginienses
710 885 926 934 praedicant
952 886 1048 934 apud
1068 884 1147 920 Liv.
1169 884 1303 919 XXIX.
1327 883 1492 931 3.Igitur
1514 897 1622 934 quam

226 949 396 998 adposita
421 950 523 984 istius
547 949 665 995 gentis
685 960 767 983 cum
801 947 911 989 ilice,
949 954 1031 995 post
1054 948 1343 995 amputationem
1367 944 1498 989 laetius
1523 942 1626 982 efflo-

227 1016 418 1052 vescente,
447 1021 673 1061 novumque,
710 1022 781 1060 quo
800 1020 880 1044 sese
907 1007 1083 1050 extollat,
1109 1005 1218 1043 robur
1243 1006 1402 1057 adepta,
1439 1020 1623 1057 compara·

227 1073 282 1106 tio
308 1072 354 1106 sit
375 1097 385 1114 ‚
420 1072 454 1105 in
482 1076 626 1120 promtu
651 1078 705 1106 est
740 1069 880 1105 videre.
919 1069 999 1106 Ilex
1021 1074 1156 1112 tonsa,
1193 1077 1361 1113 attonsa,
1388 1071 1533 1110 accisa3
1559 1081 1622 1104 ra-

227 1135 298 1168 mis
332 1135 545 1177 amputatis.
570 1131 740 1166 Brachia
762 1132 934 1167 arborum
969 1133 1106 1176 tonde,
1148 1131 1253 1177 Virg.
1290 1134 1359 1168 Ge.
1384 1132 1431 1166 ΙΙ.
1461 1133 1544 1173 368.
1578 1152 1624 1160 -

227 1194 307 1243 bip.
327 1194 457 1236 duris,
484 1197 671 1239 στιβαροῖς,
698 1194 787 1230 dure
813 1195 1009 1240 impactis·,
1037 1194 1093 1230 vel
1122 1192 1340 1244 simpliciter
1368 1208 1386 1229 e
1408 1194 1498 1229 duro
1520 1193 1622 1230 ferro

229 1254 370 1290 πέλεκυς
403 1253 641 1299 χαλκήλατος.
669 1268 704 1289 ν.
733 1260 789 1294 58.
823 1256 983 1290 suaviter
1014 1264 1166 1291 exornat
1205 1257 1534 1304 comparationem.
1568 1257 1623 1291 De

229 1316 374 1363 Algido
398 1330 428 1350 v.
449 1314 496 1350 acl
519 1319 551 1351 Ι.
574 1325 627 1351 21.
647 1320 678 1350 6.
691 1316 867 1363 —feraci
888 1316 1205 1362 nigraefrondis.
1228 1317 1403 1359 saltuoso,
1429 1318 1531 1353 silvis
1543 1331 1625 1354 con-

229 1381 329 1420 sito·,
365 1386 402 1413 ut
426 1377 578 1413 frondes
612 1378 738 1423 nigrae
767 1378 842 1427 sipt
863 1376 1056 1412 umbrosae
1073 1403 1084 1420 ,
1122 1386 1160 1413 ut
1184 1377 1215 1411 Ι.
1241 1378 1278 1422 4.
1305 1388 1360 1415 11.
1386 1389 1421 1414 et
1448 1380 1475 1412 Ι.
1505 1390 1561 1414 21.
1588 1391 1627 1424 7⁴

229 1441 340 1477 Forte
372 1449 495 1476 tamen
517 1442 553 1474 in
576 1440 700 1489 specie
714 1438 893 1486 Algidum
914 1439 1120 1490 quercubus
1142 1449 1252 1490 atque
1280 1439 1434 1475 ilicibus
1458 1438 1623 1477 feracem

230 1503 426 1549 designare
450 1503 564 1538 voluit
586 1509 699 1550 poeta
718 1502 832 1550 epitb.
850 1501 986 1547 nigrae
1001 1528 1011 1544 ,
1039 1503 1118 1537 istis
1142 1505 1295 1551 proprio
1316 1502 1400 1546 (uti
1428 1509 1465 1536 et
1489 1501 1624 1545 μελαίν-

229 1562 325 1612 3ρυαι
349 1565 543 1607 Graecis),
581 1564 691 1599 etiam
711 1570 859 1612 propter
896 1563 1051 1598 densam
1079 1562 1245 1598 umbram
1270 1565 1418 1598 istarum
1440 1561 1626 1598 arborum.

232 1625 295 1662 Ad
317 1638 394 1662 rem
415 1641 448 1660 v.
471 1625 543 1659 III.
564 1634 619 1666 23.
641 1636 673 1667 9.
696 1641 743 1650 -
765 1629 822 1663 50.
850 1624 907 1659 60.
943 1625 1060 1660 Docte
1097 1625 1227 1659 iterum
1266 1625 1337 1668 (ut
1368 1637 1422 1658 vv.
1461 1628 1518 1662 50.
1546 1636 1629 1674 sqq.

209 1689 546 1741 ,comparationem
581 1686 815 1721 commiscuit
847 1698 928 1720 cum
967 1686 1151 1720 sententia
1171 1690 1287 1734 poeta
1306 1710 1316 1725 ,
1351 1685 1542 1733 utriusque
1570 1697 1630 1719 ae-

233 1749 339 1800 quali
357 1749 436 1785 fere
459 1750 603 1784 ratione
626 1746 765 1782 habita.
799 1747 892 1781 Nam
918 1750 1029 1782 etiam
1055 1747 1198 1781 damna
1220 1752 1256 1783 et
1278 1747 1407 1781 caedes
1433 1747 1527 1781 ilicis
1551 1755 1629 1781 ton·

235 1826 298 1849 sae
320 1811 395 1848 dici
415 1818 580 1861 potsunt.
608 1810 722 1845 Suave
743 1818 1090 1858 auternoxymoron.
1111 1809 1262 1843 damnis
1285 1809 1395 1844 Roma
1412 1807 1630 1853 opulentior

226 1875 358 1917 tacta,
383 1874 483 1925 quod
507 1874 670 1907 imitatus
694 1878 745 1906 est
770 1869 879 1905 Rutil.
906 1870 993 1904 ltin.
1011 1869 1040 1903 Ι.
1067 1879 1144 1905 120.
1166 1869 1348 1904 Adversis
1374 1870 1525 1904 solenne
1536 1870 1625 1903 tuis.

235 1947 389 1982 sperare
423 1933 586 1968 secunda
605 1944 616 1971 ς
650 1932 830 1976 exemplo
854 1932 948 1965 coeli
983 1932 1150 1975 (lunae)
1169 1931 1259 1967 ditia
1284 1931 1415 1967 <lamna
1438 1931 1552 1965 subis.
1575 1931 1632 1966 Si-

235 1999 371 2035 militer
406 2006 566 2030 crescere
593 1995 707 2027 malis
741 1993 787 2028 de
817 1992 978 2029 Hercule
1013 1993 1140 2028 Senec.
1167 1992 1276 2028 Herc.
1303 1993 1371 2034 sur.
1396 1998 1454 2037 33.
1477 1991 1629 2026 damnis

237 2059 340 2094 dives
370 2055 415 2091 ab
440 2056 521 2102 ipsa
553 2053 634 2090 suis
660 2055 705 2091 de
729 2055 849 2106 hydra
885 2055 995 2090 ovid.
1022 2054 1173 2090 Heroid.
1199 2054 1266 2089 IX.
1291 2057 1348 2097 96.
1387 2055 1492 2090 Adde
1516 2055 1628 2090 eund.

237 2121 336 2157 Met.
359 2120 428 2154 lx.
451 2125 530 2161 193.
553 2137 596 2145 -
617 2118 675 2154 60.
698 2117 803 2152 ducit
824 2128 909 2164 opes
931 2118 1203 2162 animumque,
1230 2130 1339 2152 novas
1360 2118 1467 2159 vires,
1497 2130 1626 2152 novum

238 2182 355 2218 robur
374 2182 556 2228 acquirit,
583 2183 777 2214 animosior
798 2179 914 2223 facta,
941 2178 987 2212 ab
1007 2177 1088 2223 ipso
1103 2180 1216 2227 ferro
1235 2205 1245 2222 ,
1280 2181 1397 2214 securi
1425 2184 1631 2228 amputatis,

238 2244 277 2278 h.
306 2244 463 2290 graviter
485 2240 659 2281 adflicta,
684 2243 863 2276 maximas
889 2240 1015 2275 clades
1039 2245 1186 2289 experta
1202 2265 1212 2282 ,
1252 2239 1298 2276 de
1320 2241 1488 2275 Romana
1511 2245 1630 2287 gente.

338 2315 371 2339 v.
393 2304 450 2338 (n.
482 2304 609 2338 Novas
644 2305 933 2350 comparationes
965 2301 1128 2350 ejusdem
1163 2302 1406 2339 illustrandae
1430 2305 1633 2339 sententiae

243 2366 425 2403 subnectit
456 2373 587 2414 poeta,
626 2365 789 2399 oratione
828 2374 901 2400 tam
937 2366 1026 2400 scite
1063 2367 1243 2409 variatas,
1279 2374 1318 2402 ut
1344 2367 1632 2414 comparationis

240 2430 405 2479 speciem
430 2430 465 2463 in
489 2431 533 2463 iis
564 2432 625 2465 vix
647 2443 838 2477 agnoscas.
874 2432 930 2466 De
952 2429 1079 2479 Hydra
1103 2430 1293 2469 Lernaea,
1318 2442 1337 2464 e
1356 2432 1458 2475 cujus
1483 2439 1556 2462 uno
1578 2439 1632 2461 re-

245 2494 325 2527 ciso
357 2492 478 2540 capite
513 2492 702 2526 innumera
742 2492 818 2525 alia
842 2498 1146 2532 succrescerent,
1184 2491 1550 2537 narrationem,pete
1576 2486 1631 2521 ab

244 2555 355 2590 ovid.
380 2554 473 2589 Met.
498 2553 566 2587 IX.
591 2554 637 2597 69
659 2567 743 2605 sqq.
763 2553 820 2588 Cf.
846 2556 970 2603 Intpp.
990 2553 1037 2589 ad
1056 2554 1191 2601 Hygin.
1227 2551 1253 2587 f.
1278 2553 1335 2588 30.
1365 2558 1401 2586 et
1425 2549 1472 2584 ad
1494 2547 1633 2597 Appol—

244 2615 320 2654 iod.
350 2614 399 2651 ll.
422 2620 456 2656 5,
476 2627 510 2653 2.
548 2615 675 2653 Simile
701 2613 849 2653 effatum
874 2615 1018 2667 Pyrrhi,
1032 2614 1129 2665 apud
1156 2615 1256 2654 Flor.
1278 2613 1316 2651 I„
1334 2616 1389 2652 18-
1431 2610 1552 2647 Video
1573 2623 1634 2645 me
