1737 3054
634 198 1002 241 -295-

184 307 381 361 Posset,
417 301 536 365 quid
563 302 765 364 Augusti
804 308 1040 360 paternus

250 371 307 414 In
336 385 517 432 pueros
549 372 742 414 animus
772 369 1012 415 Nerones.

121 503 292 545 Fortes
318 506 551 544 creantur
578 497 791 545 sortibus
829 509 877 546 ct
902 502 1070 546 bonis:

119 566 207 610 Est
233 566 284 608 in
308 563 556 624 juvencis,
593 574 664 610 est
698 571 747 610 in
782 568 947 629 equis,
983 572 1186 626 patrum

184 632 381 678 Virtus:
418 647 576 694 neque
601 632 856 678 imbellem
886 633 1076 678 feroces

248 699 589 760 Progenerant
624 699 813 762 aquilae
838 699 1139 744 columbam.

123 838 362 882 Doctrina
390 834 477 883 sed
506 843 606 882 vim
639 845 902 900 promovet
943 843 1170 889 insitam,

122 905 357 965 Rectique
385 904 543 950 cultus
573 912 775 965 pectora
805 904 1075 949 roborant:

185 973 466 1031 Utcumque
505 970 730 1015 defecere
756 983 951 1023 mores,

251 1037 551 1081 Indecorant
576 1036 701 1079 bene
728 1042 841 1081 nata
874 1035 1064 1096 culpae.

123 1165 257 1229 Quid
293 1165 471 1211 debeas
491 1199 504 1222 ‚
541 1184 568 1211 o
595 1167 783 1221 Roma,
817 1166 1127 1219 Neronibus,

121 1233 284 1278 Testis
314 1232 607 1278 Metaurum
642 1231 862 1284 flumen,
899 1240 945 1276 et
966 1231 1242 1279 HasdruBal

185 1300 421 1343 Devictus
441 1331 454 1354 ‚
493 1306 539 1342 et
567 1296 777 1356 pulcher
807 1296 992 1358 sugatis

255 1364 341 1408 Ille
380 1366 482 1410 dies
509 1363 653 1408 Latio
678 1362 923 1419 tenebris,

124 1497 222 1560 Qui
250 1500 445 1555 primus
474 1495 601 1538 alma
637 1494 747 1539 risit
778 1492 989 1550 adorea,

124 1564 274 1607 Dirus
305 1578 395 1623 per
423 1559 558 1603 urbis
587 1559 700 1603 Afer
725 1566 779 1603 ut
805 1560 979 1613 Italas,

189 1629 290 1674 Ceu
314 1627 514 1671 flamma
548 1640 640 1684 per
665 1624 830 1671 taedas
847 1658 861 1681 ,
896 1625 973 1670 vel
999 1623 1160 1672 Eurus

254 1694 346 1738 Per
375 1691 562 1737 Siculas
594 1690 833 1753 equitavit
872 1693 1045 1737 undas,

124 1826 237 1870 Post
268 1825 362 1869 hoc
389 1821 616 1867 secundis
646 1839 801 1884 usque
827 1822 1083 1868 laboribus

125 1892 350 1938 Romana
378 1890 534 1948 pubes
560 1889 742 1945 crevit,
780 1895 827 1933 et
852 1889 1008 1951 impio

189 1959 388 2002 vastata
414 1957 697 2000 Poenorum
733 1953 954 1998 tumultu

255 2023 389 2067 Fana
415 2022 548 2067 Deos
576 2021 797 2065 habuere
828 2025 1019 2064 rectos:

124 2156 358 2216 Dixitque
395 2152 596 2197 tandem
623 2151 843 2212 perfidus
867 2151 1138 2197 Hannibal:

127 2222 296 2275 Cervi,
332 2221 570 2280 luporum
592 2220 779 2280 praeda
803 2223 1086 2279 rapacium,

194 2288 454 2332 sectamur
491 2285 650 2340 ultro,
687 2300 807 2347 quos
833 2284 1028 2345 opimus

256 2351 447 2396 Fallere
475 2359 522 2396 et
557 2352 773 2414 effugere
809 2357 883 2395 cst
910 2348 1216 2409 triumphus.

129 2486 258 2530 Gens
277 2515 289 2537 ,
326 2499 449 2544 quae
479 2490 697 2528 cremato
733 2481 873 2528 sortis
895 2480 954 2524 ab
979 2479 1069 2525 Ilio

126 2554 311 2597 Jactata
341 2550 515 2593 Tuscis
553 2549 849 2610 aequoribus
876 2562 1040 2600 sacra,

192 2615 442 2676 Notosque
477 2621 796 2676 maturosque
822 2620 1016 2674 patres,

260 2681 469 2726 Pertulit
500 2685 732 2725 Ausonias
765 2680 826 2724 ad
859 2679 1026 2732 urhis,

1455 567 1521 615 50

1457 966 1524 1016 55

1464 1369 1525 1411 40

1471 1821 1530 1874 45

1465 2214 1529 2262 50
