1737 3054
692 247 750 254 ·-·
842 235 917 267 122
1010 245 1059 255 -·

183 347 293 390 atque
331 340 381 375 ita
403 341 549 390 saepius
585 340 689 380 alibi.
735 341 887 392 Proprie
915 351 1035 377 tamen
1074 339 1195 376 fucum
1221 339 1371 391 quidam
1397 337 1432 372 h.
1458 338 1486 372 l.
1509 349 1567 372 ae-

183 400 412 450 cipiendam‚
449 401 605 453 dataque
639 414 751 451 opera
793 402 1054 449 ignobiliorem
1090 403 1186 437 hunc
1217 401 1380 436 colorem
1414 412 1434 434 a
1460 405 1570 449 poeta

184 464 268 510 poni
301 464 409 498 nimis
444 462 628 499 subtiliter
661 471 854 505 statuunt·,
899 478 1007 515 quum
1053 464 1344 512 comparationis
1376 462 1430 497 vis
1473 463 1570 495 intra

183 523 414 572 deperditum
451 528 611 561 nativum
651 526 816 562 colorem
851 525 1036 561 subsistat.
1071 525 1248 569 Quinctil.
1288 524 1318 557 I.
1358 534 1386 557 i.
1420 535 1456 567 5.
1495 520 1572 554 Nec

181 587 362 621 lanarum
382 588 553 632 colores,
587 587 721 634 quibus
746 586 916 631 simple-c
937 586 1004 619 ille
1031 586 1172 620 candor
1192 589 1366 619 mutatus
1391 589 1468 625 est,
1497 581 1576 615 elui

178 655 355 693 possunt.
380 668 427 676 —
449 664 518 685 non
539 650 657 697 refert
680 651 752 685 col.
775 660 850 682 am.
875 647 983 684 reddi
1010 649 1042 682 ei
1071 649 1198 698 nequit
1220 646 1356 682 candor
1382 646 1572 694 pristinus.

182 728 229 735 ——
260 718 319 751 29.
371 709 505 743 Virtus
526 736 537 753 ‚
594 708 776 744 fortitudo
819 710 930 743 animi
959 735 968 749 ‚
1015 718 1102 740 vera
1122 733 1132 749 ,
1180 715 1307 741 natura
1338 708 1457 742 insita.
1518 705 1574 739 Ita

179 770 348 804 colorem
385 782 515 803 verum
550 770 584 807 h.
613 771 774 805 nativum
796 796 804 810 ,
851 771 1047 814 genuinum
1083 767 1176 802 dixit
1214 767 1368 803 Terent.
1399 767 1489 801 Eun.
1527 765 1574 800 Il·

181 842 217 873 3.
252 831 308 866 26.
339 848 386 857 —
424 829 486 864 ubi
522 830 637 865 semel
668 829 816 865 excidit
847 832 970 864 animo
995 856 1003 870 ,
1051 831 1185 878 periit,
1223 830 1356 863 amissa
1391 836 1471 866 θείς
1507 828 1576 862 sci-

180 894 272 928 licet
313 894 425 927 virtus
458 890 599 925 insidet
634 893 759 926 animo
798 893 863 926 viri
907 891 1016 927 fortis
1048 906 1056 932 3
1104 891 1250 932 eidem,
1284 893 1414 937 ignavo
1456 887 1576 930 facto,

183 953 346 998 excidit,
372 954 460 990 sede
480 966 544 988 sua
568 952 796 1002 proturbata.
824 973 868 981 --
893 964 951 990 20.
981 965 1055 987 non
1082 957 1197 987 curat
1224 951 1375 998 reponi,
1414 962 1584 1001 asperna-

183 1025 264 1059 tur,
299 1015 520 1061 dedignatur
545 1017 714 1060 restitui,
747 1016 844 1050 haud
867 1014 962 1050 redit
997 1012 1272 1058 deterioribus,
1309 1015 1452 1058 ignavis
1487 1011 1583 1047 rnili-

183 1079 301 1113 tibus:
339 1091 558 1130 quamquam
595 1077 694 1112 haud
732 1090 816 1111 raro
851 1078 956 1111 acuit
977 1078 1158 1110 virtulem
1186 1075 1404 1119 ignominia
1427 1075 1581 1117 (valer.

183 1140 287 1175 Max.
313 1141 365 1175 11.
391 1154 423 1184 9.
450 1142 514 1185 9.)
542 1148 577 1174 et
601 1139 793 1185 quondam
818 1139 935 1172 etiam
953 1139 1065 1171 victis
1089 1137 1248 1181 redit-in
1262 1137 1487 1183 praecordia
1508 1136 1584 1170 vir.

185 1207 264 1236 tus.
315 1200 465 1245 Reponi
487 1199 678 1248 praeclare
706 1198 903 1248 respondet
928 1195 974 1241 τῷ
999 1199 1158 1234 excidit.
1186 1199 1316 1234 Senec.
1333 1198 1581 1247 Hippol.591.

190 1263 288 1309 Quis
313 1274 374 1295 me
399 1262 525 1297 dolori
545 1261 687 1304 reddit,
713 1266 826 1306 atque
840 1264 1116 1305 aestusgraves
1132 1262 1275 1308 reponit
1289 1257 1440 1296 animo?
1466 1271 1582 1303 quam

186 1325 276 1359 bene
315 1324 526 1359 excideram
560 1321 670 1355 mihi.
718 1321 968 1364 Deteriores,
1023 1322 1207 1365 χερείονες,
1246 1323 1390 1368 ignavi,
1436 1321 1580 1363 timidi;

183 1387 326 1430 (Plaut.
350 1384 457 1435 Epid.
482 1385 552 1420 ΙΙΙ.
573 1397 606 1422 a.
633 1394 690 1419 10.
715 1383 919 1417 Strenuiori
945 1381 1106 1416 deterior
1129 1380 1164 1413 si
1182 1370 1384 1426 praedicat
1407 1392 1494 1415 suas
1512 1393 1584 1426 pu-

181 1459 284 1493 gnas
306 1474 315 1489 ,
341 1447 386 1480 (le
412 1446 516 1479 illius
543 1444 732 1492 arefiunt
752 1443 955 1483 sordidae)
981 1456 1063 1478 cum
1087 1442 1237 1478 deleetu
1257 1443 1293 1479 h.
1321 1443 1346 1479 1.
1373 1456 1416 1478 ac
1437 1444 1585 1493 propria

188 1513 290 1545 vo‹·is
324 1509 490 1543 notione.
541 1508 632 1541 Nam
671 1505 879 1540 deteriores
911 1504 998 1539 fiunt
1023 1518 1042 1539 e
1076 1502 1208 1550 bonis,
1233 1509 1384 1554 pejores
1411 1519 1429 1541 e
1453 1505 1584 1545 rnalis;

190 1575 295 1620 juxta
316 1571 473 1605 Nonium
502 1577 536 1604 et
559 1567 701 1602 Scholl.
729 1568 764 1602 h.
792 1567 815 1602 l.
838 1588 881 1596 -
906 1579 966 1610 31.
994 1565 1159 1601 Observa
1195 1570 1413 1617 exquisitam
1448 1569 1587 1602 oratio·

190 1635 248 1666 nis
280 1632 531 1666 variationem.
586 1629 758 1676 Vulgaris
783 1626 962 1663 efferendi
990 1641 1070 1662 eam
1099 1628 1227 1662 modus
1261 1637 1358 1665 erat:
1412 1631 1484 1674 Qui
1529 1642 1584 1664 ge.

190 1693 265 1728 mel
300 1700 425 1739 captus
460 1700 540 1734 est,
577 1692 606 1725 is
639 1704 710 1725 non
740 1691 854 1736 magis
891 1687 998 1724 sortis
1039 1692 1129 1733 erit,
1154 1703 1262 1741 quam
1283 1703 1418 1730 cerva,
1442 1688 1582 1724 retibus

191 1754 325 1803 elapsa.
357 1753 426 1787 Pro
451 1768 521 1804 quo
545 1761 678 1801 poeta:
705 1751 739 1785 'si
759 1762 867 1785 cerva
885 1758 1037 1797 pugnat
1053 1779 1062 1795 ,
1091 1754 1122 1786 si
1144 1752 1299 1788 credere
1329 1753 1400 1802 par‘
1418 1760 1486 1795 est,
1510 1764 1584 1787 cer.

192 1830 271 1850 vam
288 1841 297 1856 ,
331 1815 571 1849 extricatam
590 1840 600 1857 ,
640 1813 856 1860 expeditam
887 1826 906 1848 e
923 1812 1077 1858 plagis,
1112 1813 1253 1850 retibus
1269 1842 1279 1856 ‚
1316 1823 1556 1864 pugnaturam
1572 1838 1584 1855 ,

190 1881 354 1914 animose
383 1892 463 1913 sese
493 1877 748 1926 opposituram
785 1875 990 1925 insequenti
1025 1878 1213 1924 venatori3
1242 1875 1317 1910 erit
1352 1876 1417 1909 ille
1439 1875 1579 1922 fintis,

193 1955 274 1976 cum
295 1953 439 1990 quoque
461 1938 608 1974 fortiter
630 1945 870 1988 pugnaturum
894 1937 1042 1972 credam
1074 1938 1141 1984 qui
1163 1946 1237 1974 cet.
1267 1938 1438 1974 Ceterum
1468 1936 1586 1973 solen.

193 2005 250 2038 nis
284 2002 492 2037 timidorum
528 2014 611 2035 cum
647 2002 766 2036 cervis
800 2001 1027 2048 comparatio
1059 2000 1155 2048 apud
1188 2010 1328 2050 poetas.
1355 2014 1390 2034 v.
1414 2013 1447 2033 c.
1476 1999 1583 2034 Hom.

194 2065 239 2099 ll.
269 2078 296 2099 v.
325 2074 403 2101 102,
429 2083 467 2088 —-
491 2074 547 2106 33.
576 2061 697 2098 Verba
717 2063 884 2113 quaesita
908 2061 955 2096 ad
977 2062 1183 2109 augendam
1206 2064 1257 2098 rei
1282 2061 1467 2096 invidiam.
1492 2061 1586 2095 Nam

195 2126 356 2160 credidit
392 2137 433 2159 se
466 2124 580 2160 multo
613 2125 732 2176 acrius
767 2135 878 2174 quam
908 2122 1053 2159 dedidit
1076 2137 1137 2166 se,
1189 2122 1340 2158 tradidit
1366 2137 1402 2159 se
1427 2123 1587 2158 hostium

196 2190 396 2240 potestati3
425 2189 482 2223 cui
511 2188 671 2234 graviter
698 2187 892 2235 opponitur
915 2186 1090 2232 perfidis.
1114 2203 1158 2212 —·
1179 2195 1239 2226 34.
1267 2185 1372 2220 Adeo
1414 2184 1586 2235 quidem,

195 2261 232 2288 ut
268 2252 411 2287 Poenos
429 2277 439 2293 ‚
475 2249 606 2301 quibus
642 2263 681 2285 se
710 2247 939 2292 dedidisset,
969 2247 1102 2281 Marte
1128 2248 1247 2281 allero
1265 2274 1274 2289 ,
1302 2260 1395 2282 novo
1417 2245 1587 2295 proelio,

192 2314 324 2348 iterum
346 2316 541 2357 proterat,
564 2318 793 2362 prosternat,
822 2311 958 2344 vincat.
985 2328 1026 2336 —
1054 2315 1108 2350 35.
1142 2311 1199 2352 313.
1232 2308 1386 2344 Scilicet
1413 2320 1494 2342 eum
1516 2306 1590 2341 ior-

191 2376 278 2409 titer
305 2373 459 2409 creditis
485 2381 748 2423 pugnaturum,
783 2371 1011 2422 salutemque
1036 2384 1139 2406 suam
1168 2373 1299 2406 iterum
1321 2373 1357 2404 in
1391 2368 1587 2403 discrimen

163 2448 165 2450 ·
195 2434 431 2473 oblaturum,
465 2449 573 2485 quarn
595 2435 808 2484 turpissima
836 2435 1013 2469 servitute
1045 2433 1300 2468 redimendam
1323 2430 1423 2466 hand
1450 2429 1589 2464 dubita-

197 2497 319 2535 verit?
349 2496 477 2530 Sensit
498 2496 624 2537 iners,
652 2499 703 2531 ita
723 2504 758 2530 ut
788 2510 834 2531 ne
859 2501 1149 2531 commoveretur
1174 2494 1324 2545 quidem
1349 2497 1400 2529 rei
1428 2491 1589 2537 indigni-

197 2568 293 2601 tate,
319 2558 417 2594 lente
442 2560 536 2595 adeo
559 2559 709 2594 brachia
732 2572 795 2593 sua
818 2559 906 2594 loris
930 2560 965 2592 in
993 2565 1133 2603 tergum
1155 2558 1327 2604 restringi
1364 2566 1489 2606 passus
1517 2559 1584 2594 est,

201 2622 331 2658 vinciri
351 2632 389 2655 se
411 2621 604 2663 sustinuit,
622 2619 831 2665 timuitque
857 2622 1045 2662 mortem,
1071 2620 1197 2654 mortis
1218 2627 1328 2654 metu.
1365 2617 1446 2652 Hoc
1471 2615 1589 2661 gravi-

197 2692 251 2726 ter
273 2683 471 2730 adjectum.
518 2682 671 2720 Scilicet
692 2681 858 2729 optanda
880 2692 982 2716 mors
998 2686 1079 2725 est,
1115 2693 1212 2727 quae
1233 2679 1376 2716 civibus
1402 2676 1587 2711 Romanis
