1737 3054
610 238 669 250 -
754 228 808 267 32
905 242 957 250 .-.

451 337 1006 384 ARGUMENTUM.
1042 339 1150 383 III.

599 460 1000 480 ΜΜΜΜΜΜ

107 513 416 602 Exposita
446 547 607 603 atque
633 543 986 588 vividissimis
1023 542 1298 589 coloribus
1323 544 1504 591 adum.

105 611 269 655 brata
301 610 476 654 animi
488 609 546 653 in
571 614 717 654 recto
738 615 899 668 atque
926 612 1148 654 honesto
1167 613 1503 666 constantia,

104 677 177 720 ad
201 675 476 733 praemia,
521 687 657 734 quae
703 677 751 720 ei
778 682 982 734 parata
1011 682 1173 734 atque
1198 678 1504 721 constituta

103 747 234 786 sunt
252 742 524 792 maxima,
562 745 722 798 poeta
748 742 1132 802 progreditur,
1171 756 1361 801 eaque,
1397 759 1504 786 ma-

102 809 249 851 xime
277 809 331 850 in
359 809 691 850 aeternitate
729 809 966 852 nominis
989 808 1198 864 posita,
1239 808 1310 851 ad
1333 808 1504 868 majo-

102 889 215 917 rem
246 865 509 933 reifidem
531 868 877 928 faciendam,
914 873 1134 914 heroum
1159 874 1377 926 statim,
1414 875 1505 933 qui

93 941 216 983 ”ista
240 938 558 998 consequuti
578 937 719 988 sint,
768 937 1031 994 exemplis
1066 937 1316 983 declarat
1341 945 1503 1000 atque

100 1006 381 1048 illustrat.
468 1003 787 1046 Percensita
841 1003 1017 1061 igitur
1064 1003 1456 1050 Dioscurorum
1486 1036 1514 1056 ,,

101 1069 358 1114 Herculis
391 1073 443 1110 et
476 1066 729 1119 Bacchi,
784 1068 978 1124 quibus
1022 1070 1263 1127 Augusti
1304 1085 1504 1115 numen

99 1137 244 1179 mira
274 1137 395 1176 arte
426 1131 782 1183 immiscetur,
821 1131 1131 1189 apotheosi,
1169 1133 1227 1175 in
1256 1135 1501 1190 Romulo,

98 1197 645 1243 immortalibus
704 1195 922 1240 editis
977 1198 1307 1255 operibus
1345 1203 1500 1250 (Liv.

92 1266 137 1310 I.
169 1265 279 1312 16.)
312 1261 785 1307 immortalitatem
811 1263 1037 1320 adepto,
1073 1263 1342 1309 subsistit.
1412 1271 1503 1312 At-

94 1345 194 1390 que
223 1327 393 1389 hujus
428 1328 664 1388 quidem,
717 1328 880 1372 Urbis
918 1328 1114 1388 quippe
1161 1329 1500 1394 imperiique.

95 1396 330 1440 Romani
354 1395 686 1449 conditoris,
730 1395 1195 1438 consecrationem
1224 1405 1386 1452 poeta
1420 1400 1501 1442 la-

99 1463 213 1505 tius
255 1461 631 1518 persequitur,
678 1460 860 1518 itaque
908 1465 1150 1508 tractat,
1207 1468 1263 1503 ut
1304 1478 1413 1506 rem
1442 1465 1499 1506 in

99 1525 335 1571 concilio
390 1528 630 1570 Deorum
687 1525 750 1568 de
807 1521 1114 1578 recipiendo
1167 1524 1316 1570 inter
1355 1530 1499 1586 ipsos

94 1590 324 1636 Romulo
370 1591 649 1650 agitatam
701 1593 1143 1646 transactumque
1200 1593 1370 1648 plane
1420 1610 1500 1638 re-

90 1660 447 1715 praesentet,
493 1655 770 1714 oculisque
810 1669 985 1712 paene
1027 1653 1296 1714 subjiciat
1322 1691 1336 1712 ‚
1394 1675 1494 1718 quo

78 1719 304 1782 fortius
343 1721 560 1766 scilicet
599 1719 952 1779 popularium
995 1735 1247 1778 suorum,
1299 1727 1495 1784 quibus

89 1787 321 1832 virtutis
362 1788 728 1844 pertinaciam
756 1787 856 1831 hoc
893 1788 1135 1831 carmine
1168 1789 1335 1834 vellet
1362 1808 1497 1837 com-

86 1852 575 1905 mendatissimum,
605 1849 809 1910 feriret
838 1853 1075 1905 animos,
1112 1855 1285 1914 adque
1318 1872 1496 1901 aemu-

88 1917 314 1963 landum
364 1919 515 1963 istud
571 1920 877 1978 exemplum
931 1920 1259 1967 incenderet.
1341 1923 1495 1981 Quod

87 1989 149 2027 ut
188 1984 580 2042 adsequeretur
618 1991 811 2043 poeta,
872 1985 1109 2029 Senatus
1145 1988 1381 2032 Romani
1430 1989 1495 2033 de

86 2048 245 2092 Julio
270 2051 502 2095 Caesare
534 2051 736 2096 divinis
763 2052 1060 2096 honoribus
1075 2055 1366 2099 mactando
1387 2061 1493 2100 εἰα-

89 2116 291 2159 tuentis
316 2121 480 2176 atque
505 2117 865 2161 deliberantis
887 2120 1112 2175 speciem
1141 2136 1348 2181 magna
1372 2138 1491 2167 cum

93 2179 368 2240 dignitate
395 2182 467 2227 ad
491 2183 616 2227 deos
637 2184 945 2234 transtulit,
978 2199 1200 2243 quorum
1230 2188 1489 2242 concilia,

88 2260 250 2302 super
291 2248 548 2293 humanis
589 2251 750 2293 rebus
790 2250 1013 2300 habita,
1060 2254 1234 2308 poetis
1293 2255 1490 2311 epicis,

90 2312 308 2356 Homeri
341 2314 614 2373 exemplo,
665 2314 946 2359 admodum
970 2311 1337 2376 frequentari
1371 2335 1489 2364 nos-

87 2383 183 2420 set.
251 2379 432 2438 Neque
478 2396 603 2425 vero
643 2389 975 2443 perrogatas
1013 2384 1360 2444 singulorum
1386 2389 1488 2430 De-

89 2458 243 2488 orum
282 2450 586 2493 sententias
623 2448 904 2505 adposuit,
951 2448 1042 2492 sed
1076 2454 1219 2496 satis
1261 2453 1485 2508 habuit,

86 2509 263 2553 solam
309 2511 585 2568 Junonis‚
645 2519 830 2573 utpote
872 2529 1008 2574 quae
1049 2522 1351 2563 ceterorum
1388 2519 1486 2580 ju-

86 2573 230 2620 dicia
258 2606 270 2629 ‚
321 2579 509 2635 quibus
552 2581 837 2625 Romulum
882 2591 1173 2628 ornassent
1216 2578 1484 2646 bonorifi-

84 2642 416 2687 centissimis
440 2676 454 2699 ‚
510 2647 650 2691 satis
690 2643 1104 2703 ·manif'estaret
1129 2683 1142 2697 ..
1199 2652 1481 2696 luculenta

86 2709 337 2752 oratione
386 2712 704 2770 explicitam
762 2708 994 2773 referre.
1074 2719 1249 2777 Atque
1284 2719 1340 2762 in
1382 2719 1480 2763 hoc

151 2785 213 2829 ΙΙ.
252 2787 392 2838 Ξὸαηῦ.
1186 2796 1224 2839 F
