1737 3054
606 219 657 230 -
750 207 975 252 375-

106 317 393 360 tasmatum
430 315 617 374 vigore
646 314 781 356 mire
812 311 1076 371 adjutus-3
1125 312 1249 353 huic
1285 309 1510 367 quidem·

103 385 262 438 poeta
295 380 633 438 gravitatem
685 379 966 437 quamdam
1020 376 1340 426 admiscuit,
1396 388 1496 431 quo

103 445 343 503 penitius
368 459 618 487 sensuum
638 472 648 487 .
687 459 815 502 quos
841 443 984 486 illud
1012 441 1259 498 explicat
1277 470 1290 490 ,
1330 440 1410 480 vis
1435 453 1500 481 ac

104 509 308 552 veritas
339 511 395 551 in
423 509 720 569 legentium
735 509 946 552 animos
975 506 1333 550 descenderet.
1367 504 1502 546 Jam

102 573 173 619 ad
190 570 474 633 fruendas
504 577 649 618 vitae
677 575 983 631 voluptates
1007 572 1396 617 cohortaturus
1417 582 1504 623 po·-

106 644 224 690 ela,
282 655 601 699 quamquam
652 640 837 684 iisdem
874 635 1009 698 fere
1052 635 1431 697 argumentis,
1469 647 1512 694 av

104 706 250 748 vitae
293 707 590 757 brevitate,
639 705 1003 763 communique
1033 701 1301 747 moriendi
1333 713 1505 741 neces-

104 771 269 814 sitate
301 771 476 816 ductis
497 802 508 823 ‚
557 767 903 831 defungatur
924 785 943 824 5
994 769 1172 812 eadem
1206 773 1386 810 tamen
1417 779 1506 806 no-

105 851 174 878 va
211 835 369 892 plane
416 839 631 881 ratione
670 838 728 879 in
760 842 946 879 nostro
983 835 1257 878 adornata
1294 836 1504 875 tracta·

108 908 267 960 taque
308 902 507 946 videas.
571 905 841 960 Quumque
881 901 1115 944 alterum
1156 900 1327 955 ipsam
1359 897 1506 940 veris

107 968 542 1011 amoenissimam
599 971 967 1023 tempestatem
1031 966 1177 1008 vitae
1240 962 1507 1006 hilariter

107 1031 356 1091 agendae
403 1039 724 1076 momentum
751 1027 984 1089 faciat5
1038 1031 1106 1072 ab
1146 1027 1383 1087 ejusdem
1425 1027 1507 1069 de-

106 1097 400 1152 scriptione
428 1103 676 1141 nostrum
695 1131 697 1137 .
716 1096 929 1140 diverso
962 1093 1126 1152 plane
1155 1094 1386 1136 consilio
1418 1106 1506 1134 ex-

104 1160 282 1204 ordiri
320 1168 482 1218 poeta
522 1161 795 1219 putandus
846 1166 953 1209 est-¹
1000 1160 1221 1206 Scilicet
1271 1175 1303 1201 a
1353 1171 1503 1211 vere,

105 1241 205 1285 quo
240 1228 447 1285 quidem
490 1228 750 1271 scriberet
787 1227 886 1270 hoc
936 1239 1156 1268 carmen
1198 1224 1462 1268 Horatius
1490 1253 1504 1274 ‚

105 1291 178 1336 ad
206 1293 450 1351 reliquas
489 1293 627 1336 anni
667 1297 856 1348 partes
896 1304 1225 1348 progressus
1261 1304 1285 1331 e
1333 1288 1505 1330 conti·

106 1357 230 1402 nuis
262 1359 503 1415 ipsarum
534 1358 738 1400 vicibus
769 1356 1114 1400 velocitatem
1139 1355 1396 1410 temporis
1421 1353 1502 1396 ita

106 1421 359 1482 colligit,
397 1429 457 1466 ut
492 1423 720 1466 deducta
758 1422 881 1464 inde
912 1421 1058 1463 vitae
1089 1422 1358 1463 humanae
1390 1419 1503 1460 bre-

111 1489 281 1531 vitate
309 1488 380 1532 ad
399 1488 707 1545 praesentis
725 1480 1165 1543 boraefructum
1184 1484 1502 1541 capiendum

105 1558 260 1596 tanto
309 1555 495 1597 acrius
552 1553 905 1605 exhortetur,
935 1566 1066 1609 *quo
1109 1553 1165 1595 in
1203 1556 1352 1595 certa
1396 1550 1500 1592 lzac

111 1620 254 1661 vitae
305 1619 574 1662 brevitate
615 1619 879 1661 incertior
919 1616 1129 1662 dierum
1166 1632 1368 1660 summa
1401 1616 1503 1665 sit,

108 1699 266 1741 quam
314 1684 470 1727 nobis
533 1683 617 1727 dii
647 1683 892 1727 admensi
931 1688 1072 1730 sint.
1120 1690 1177 1725 ut
1216 1682 1406 1741 quibus
1439 1695 1504 1722 ne

107 1748 350 1793 crastino
392 1740 800 1810 quidemfidere
841 1749 1021 1793 liceat.
1067 1747 1203 1790 Tum
1240 1747 1506 1791 moriendi

107 1814 469 1859 conditionem
507 1815 586 1859 ita
619 1814 942 1873 mor-talibus
967 1815 1306 1872 propositam
1337 1810 1508 1871 subji-

106 1881 179 1923 cit
210 1887 403 1938 poeta,
450 1886 508 1922 ut
545 1895 606 1925 ea
642 1881 789 1936 ipsa,
826 1895 985 1938 quum
1023 1894 1226 1922 omnem
1254 1894 1395 1934 spem
1425 1892 1506 1920 re-

104 1946 249 1989 ditas
285 1947 344 1990 in
379 1946 547 1989 vitam
587 1947 754 2003 plane
788 1943 1105 1995 abscindat,
1151 1945 1215 1986 de
1230 1940 1502 2002 fruendis

106 2012 253 2066 vitae
278 2012 656 2068 voluptatibus
682 2012 937 2070 graviter
967 2009 1367 2053 admoneamur.
1421 2010 1506 2052 Ce-

108 2083 280 2120 terum
312 2078 375 2121 L.
419 2077 688 2121 stlanlium
720 2076 1054 2132 Torquatum
1083 2081 1325 2130 nepotem
1356 2072 1505 2132 ejus,

106 2158 208 2199 quo
248 2143 357 2186 Cos.
388 2144 649 2187 Horatius
686 2148 850 2185 uatus
867 2137 1088 2199 fuerit,
1127 2140 1199 2183 ad
1232 2154 1382 2196 quem
1416 2139 1508 2180 eti-

110 2223 196 2251 am
239 2213 316 2250 est
354 2209 487 2266 Epp.
527 2209 571 2252 I.
605 2208 652 2251 5.
687 2223 804 2251 cum
839 2206 1130 2253 Sanadono
1183 2207 1378 2262 optime
1423 2218 1509 2255 ac-⁴

109 2273 299 2331 ‹.·ipias.

435 2442 1186 2502 Adnotationes„

198 2604 232 2626 υ.
260 2603 292 2629 1.
334 2591 426 2626 Cum
450 2593 556 2627 initio
590 2594 689 2629 cons.
725 2595 758 2630 1-
781 2595 814 2639 4.
850 2595 929 2629 init.
955 2592 1249 2641 —-rdgffugere¹
1290 2590 1514 2642 liquefacta,

107 2652 223 2689 soluta
252 2662 304 2689 est
321 2680 332 2696 ‚
370 2653 563 2690 contabuit
595 2656 676 2691 nix.
712 2657 821 2694 Forte
849 2656 894 2693 de
916 2656 1024 2694 coelo
1042 2655 1160 2692 nivali
1185 2656 1250 2698 (ut
1276 2654 1420 2690 Colum.
1443 2652 1512 2695 111.
