1737 3054
665 193 1036 236 -261—

237 319 271 341 v.
293 314 351 349 57.
389 307 564 342 Fui-orem
588 305 776 356 animique
809 316 855 339 ex
891 309 1025 340 amisso
1057 305 1201 354 pudore
1225 315 1375 351 gravem
1394 307 1538 339 aestum

149 368 232 405 vide
251 381 362 421 quam
386 367 506 403 vivide
527 365 721 402 adumbret
745 365 984 418 explicetque
1007 367 1134 416 poeta!
1163 365 1215 400 Eo
1240 365 1389 400 tandem
1414 365 1539 414 puella

144 430 384 481 progreditur
399 455 410 472 ‚
437 437 476 465 ut
501 428 548 465 de
571 434 693 465 morte
716 428 787 464 sibi
809 427 1080 464 consciscenda
1100 425 1308 467 deliberem
1335 425 1541 461 deliberan-

144 494 247 542 tique
281 491 353 526 sibi
391 495 533 540 patrem
552 516 561 532 ,
599 501 712 539 quem
737 494 879 533 omnia,
915 502 1009 541 quae
1032 489 1102 525 sibi
1127 487 1356 528 acciderint,
1384 488 1539 523 rescisse

143 557 331 592 autumat,
357 551 569 588 truculento
594 550 700 586 vultu
719 550 864 587 adstare
891 552 1107 597 imaginatur
1124 576 1134 593 ,
1160 557 1196 584 et
1221 550 1343 598 ipsum
1362 548 1409 583 ad
1437 561 1541 584 exse-

141 611 333 663 quendum
367 623 481 662 quam
510 615 675 661 primum
705 612 934 664 supplicium
960 625 1044 648 sese
1068 613 1331 658 instigantem,
1365 614 1540 658 variaque

142 674 271 708 mortis
296 686 429 720 genera
448 701 457 714 ,
495 687 594 726 quae
617 676 657 709 in
683 679 762 725 ejus
786 688 896 711 manu
917 676 1012 719 sint,
1038 673 1247 711 liberaliter
1268 677 1542 720 suggerentem·

138 733 281 770 Mirare
302 736 497 771 artificium
522 745 676 786 poetae,
715 739 752 773 in
774 738 925 788 puellae
946 736 1138 779 sensibus,
1170 740 1310 770 intexta
1335 737 1450 783 patris
1465 744 1542 766 ora-

138 796 239 830 tione
275 797 518 846 explicandis.
537 818 583 826 —-
610 798 737 842 Vilis,
775 799 922 847 abjecto
950 798 1119 849 pudore,
1157 797 1315 840 abiecta·
1337 815 1381 823 —
1404 799 1544 839 urget·

136 859 248 892 instat
280 857 346 892 tibi
363 884 373 900 ,
415 858 561 894 delecte
586 872 652 908 pro
675 861 794 900 tenui,
823 865 943 912 inquit
967 867 1120 910 propter
1145 871 1251 910 seqq.
1271 876 1317 884 —
1337 867 1398 900 59·
1424 856 1538 888 Fore-⁸·

136 918 210 952 hac
241 917 286 952 ab
317 930 410 953 orno
433 926 504 954 cet.
541 921 716 968 graphice
744 932 919 968 prorsus,
960 921 1020 956 vel
1051 922 1120 956 hac
1147 919 1192 955 ab
1221 918 1350 954 arbore
1375 915 1541 964 pendere

137 989 260 1029 potes.
293 979 460 1013 Laedere
480 979 623 1014 collum
648 991 756 1024 zona,
794 982 888 1015 nihil
915 973 1079 1030 amplius
1101 994 1187 1017 esse
1209 979 1389 1023 arbitror,
1425 965 1541 1030 quarn

135 1052 272 1075 zonam
312 1041 411 1076 collo
437 1041 694 1085 circumdare,
734 1042 914 1089 adjuncta
939 1045 1062 1077 tamen
1086 1044 1258 1078 arctioris
1283 1040 1543 1089 impressionis

135 1103 298 1137 notione.
326 1100 382 1136 Ita
403 1101 555 1135 laedere
574 1103 730 1144 oscula,
755 1102 801 1137 de
824 1102 992 1146 pressis,
1019 1116 1114 1151 quae
1141 1103 1309 1137 Maniai.
1334 1102 1401 1137 IV.
1429 1105 1488 1146 34.
1507 1110 1542 1137 1.

134 1170 264 1208 vocat,
291 1162 433 1198 osculis
454 1166 485 1197 1.
511 1173 565 1205 13.
581 1172 635 1209 15.
653 1162 717 1197 ubi
735 1160 845 1211 plura
863 1160 960 1196 vide.
992 1159 1087 1195 Nam
1114 1157 1366 1196 suffocationis
1391 1175 1456 1196 seu
1475 1161 1545 1196 eli-

132 1236 259 1260 sarum
281 1223 447 1260 faucium
472 1227 573 1259 notio
601 1222 815 1275 quaerenda
837 1224 872 1257 in
894 1222 970 1269 adj.
992 1222 1232 1269 pendulum3
1270 1222 1372 1274 quod
1400 1223 1446 1257 ab
1468 1224 1538 1256 hac

138 1298 231 1322 orno
270 1289 381 1332 (nam
415 1286 509 1322 haec
545 1283 590 1328 τῷ
616 1284 832 1332 pendulum
854 1283 1067 1332 jungenda)
1104 1283 1277 1333 pendeat.
1328 1285 1393 1320 Est
1420 1284 1541 1320 adeo:

134 1348 243 1384 Potes
271 1348 368 1383 collo
403 1357 466 1382 tuo
488 1361 618 1383 zonam
654 1337 832 1395 injicere,
872 1348 923 1382 ita
947 1354 988 1381 ut
1012 1356 1057 1380 ex
1089 1344 1161 1382 hac
1192 1344 1322 1386 arbore
1347 1347 1540 1396 pendeas;

138 1421 222 1443 nam
260 1406 299 1442 τό
327 1408 540 1453 pendulum
576 1408 624 1444 ad
666 1420 800 1457 corpus
832 1408 993 1442 maxime
1015 1415 1209 1458 spectare,
1244 1408 1355 1445 facile
1379 1411 1538 1460 quisque

134 1469 247 1505 videt.
298 1470 442 1506 Eodem
476 1470 557 1507 fere
581 1477 713 1506 ornatu
751 1467 928 1519 Sophocl-
951 1468 1080 1515 Antig.
1106 1479 1210 1513 1237.
1240 1465 1298 1509 τήν
1320 1467 1384 1515 μὲν
1407 1482 1540 1518 κρεμα-

135 1531 216 1573 στὴν
242 1529 383 1575 αὐχένος
401 1532 604 1574 κατείδομεν
625 1531 744 1574 βρόχῳ
770 1528 931 1573 μιτρῶδει
957 1530 1132 1575 (zonae)
1160 1528 1312 1565 σινδόνος
1339 1528 1534 1573 καθημμέ-

133 1607 205 1635 νην.
249 1598 306 1630 Ac
327 1599 361 1630 in
385 1595 455 1629 hac
477 1595 732 1629 enuntiatione
764 1591 900 1628 acerba
921 1594 1165 1628 cunctationis
1209 1593 1304 1628 inest
1329 1591 1538 1641 exprobra·

133 1659 184 1692 tio
200 1682 212 1700 ‚
246 1659 349 1706 quasi
377 1655 513 1690 collum
536 1654 688 1690 laedere
708 1655 876 1690 timuerit
902 1653 1049 1703 puella3
1088 1653 1156 1689 sed
1180 1653 1254 1689 hoc
1275 1653 1370 1690 forte
1394 1652 1539 1689 subtili-

132 1732 188 1754 us.
232 1717 374 1754 Eadem
410 1716 593 1754 acerbitas
629 1718 666 1752 in
693 1713 784 1749 bene
808 1720 846 1749 te
866 1721 1054 1763 sequuta,
1090 1728 1204 1767 quam
1231 1724 1437 1766 opportune
1461 1715 1535 1750 huc

130 1781 297 1817 attulisti.
334 1779 514 1816 Ceterum
536 1779 583 1815 de
607 1780 678 1814 hoc
699 1790 815 1814 zonae
839 1790 906 1813 usu
928 1780 1065 1828 passim
1084 1782 1243 1813 veteres.
1270 1777 1329 1813 Cf.
1352 1778 1537 1828 Aeschyl„

129 1842 238 1892 Supl.
274 1843 358 1883 456.
384 1839 590 1877 Aristodic.
611 1840 640 1874 1.
668 1844 703 1881 3.
743 1840 819 1886 (A.
847 1840 912 1874 ΒΥ.
937 1838 986 1875 ΙΙ.
1012 1842 1123 1884 260.)
1151 1839 1324 1877 Parthen.
1346 1838 1449 1887 ἐρωτ.
1476 1853 1536 1873 κα.

129 1904 222 1947 Sma-
251 1916 286 1939 c.
314 1903 382 1938 XI.

223 1974 256 1998 v.
271 1965 330 2001 61.
352 1964 523 2002 Variatur
545 1965 662 2000 oratio
677 1989 689 2008 ,
713 1977 809 2011 quae
831 1963 880 1999 ita
901 1964 1148 2001 continuanda
1174 1973 1270 2001 erat:
1299 1970 1405 2013 potes
1421 1965 1534 1999 etiam

129 2023 177 2060 ab
212 2026 279 2061 hoc
301 2039 388 2062 saxo
419 2034 578 2063 mortem
608 2034 750 2075 petere.
801 2026 873 2060 Pro
895 2036 939 2062 eo
967 2026 1046 2069 est,
1084 2027 1140 2063 vel
1166 2029 1197 2062 si
1224 2030 1349 2074 rupes}
1361 2030 1398 2059 et
1419 2030 1535 2058 acuta

130 2098 254 2131 saxa,
282 2100 389 2139 rupes
410 2090 529 2126 acutis
544 2115 554 2133 ‚
582 2089 881 2139 prominentibus
903 2091 1003 2124 saxis
1020 2092 1056 2122 te
1077 2089 1290 2131 delectant,
1318 2101 1378 2123 eas
1401 2087 1534 2130 maiis,

130 2148 296 2198 praefers
312 2176 322 2193 ,
353 2152 428 2185 leto
444 2177 455 2194 ,
481 2150 616 2203 quibus
644 2151 758 2186 letum
782 2149 848 2186 tibi
872 2152 1093 2188 consciscas.
1128 2147 1388 2193 110¹⁷1r¹103r5e⁰v
1410 2156 1533 2183 tamen

132 2211 304 2256 videtur,
336 2215 368 2248 si
392 2218 506 2247 acuta
532 2213 610 2247 leto
629 2239 639 2256 ,
673 2213 711 2249 h.
731 2226 825 2264 quae
850 2214 929 2248 acie
949 2224 1014 2248 sua
1039 2220 1192 2247 mortem
1216 2210 1328 2246 facile
1359 2211 1532 2252 inferant,

132 2275 274 2321 jungas.
305 2292 348 2301 —
379 2287 445 2320 age
475 2275 604 2317 crede,
640 2276 831 2310 committe
852 2282 888 2310 te
910 2272 1028 2308 veloci
1042 2272 1258 2321 procellae,
1297 2274 1414 2308 ventis
1432 2298 1441 2314 ‚
1468 2272 1531 2322 qui

131 2336 223 2370 eatis
244 2339 317 2371 cito
339 2343 374 2371 te
399 2336 593 2380 deferant,
630 2336 804 2374 delabere
835 2349 900 2386 per
928 2350 1056 2378 auras,
1083 2336 1286 2386 praecipita
1311 2343 1346 2370 te
1371 2333 1529 2370 isthinc:

130 2404 221 2431 nota
243 2396 419 2447 loquendi
445 2402 597 2436 ratione.
633 2397 738 2434 Haud
771 2397 969 2432 dissimilia
998 2396 1160 2433 Acciana
1186 2396 1282 2448 apud
1309 2397 1387 2432 Cic.
1412 2395 1530 2431 Tusc-

126 2457 173 2495 Π.
207 2467 241 2501 7.
278 2457 361 2492 Heu
392 2459 459 2505 qui
488 2460 603 2495 salsis
623 2458 812 2508 fluctibu’
846 2460 1004 2495 mandet
1033 2471 1093 2494 me
1123 2471 1174 2494 ex
1209 2458 1369 2494 sublimi
1391 2457 1529 2492 vertice

136 2519 229 2554 saxi
247 2519 264 2554 ?

223 2593 256 2616 v·
272 2583 327 2624 63.
355 2582 507 2619 summa
533 2586 755 2622 acrimoniae
778 2587 831 2622 vis
851 2590 926 2621 tam
964 2587 999 2620 in
1024 2586 1148 2621 verbis
1172 2595 1286 2635 quam
1325 2580 1504 2617 sententia
1520 2604 1532 2619 .

128 2656 199 2697 qua
224 2644 271 2682 ad
294 2652 455 2685 mortem
484 2647 692 2686 audendam
727 2662 809 2687 sese
836 2649 989 2687 excitari
1015 2652 1125 2686 sentit
1146 2646 1286 2698 puella.
1319 2644 1408 2680 Nisi
1431 2642 1530 2680 forte
