1737 3054
642 191 984 239 ..95-

113 315 184 354 que
204 300 291 335 saris
319 293 527 334 commode·
547 312 594 322 —
617 294 749 328 Medis
767 307 798 332 s.
821 293 967 330 Parthis
985 294 1236 342 triumphatis
1254 295 1381 341 possit
1394 295 1487 329 dare

98 365 192 409 jura
209 387 222 404 ,
269 359 376 395 docte
399 370 489 406 pro,
531 355 730 406 triumphet
757 356 803 392 de
829 356 971 391 Parthis
987 382 998 398 ,
1023 358 1140 407 iisque
1163 357 1224 392 det
1250 359 1354 404 jura,
1388 358 1490 402 leges

106 424 254 461 victoris
290 423 372 469 jure
418 421 605 469 imponat,
652 420 687 454 in
722 419 949 469 provinciam
977 418 1187 453 ‘Romanam
1230 417 1387 463 redigat.
1451 418 1490 453 Si

100 482 227 530 possit
259 481 406 516 omnino
438 482 510 515 vim
543 478 678 521 habet,
726 479 935 528 explicemx
981 479 1094 529 Resp.
1116 480 1286 515 Romana
1311 490 1354 512 eo
1377 489 1491 526 usque

108 550 280 585 crescat,
329 550 452 576 tantos
497 551 620 577 auctus
662 540 821 585 habeat,
865 548 903 577 ut
939 540 1093 578 Parthos
1126 550 1302 578 terrorem
1332 539 1492 574 nominis

99 603 287 644 Romani,
323 602 520 650 subjugare
545 602 675 640 valeat.
723 602 801 639 Sed
820 605 1036 654 saepissime
1062 601 1230 648 παρέλκει
1249 600 1347 650 apud
1374 603 1494 646 Augu·

102 668 173 702 atei
206 664 324 702 seculi
358 670 498 714 poetas.
547 663 729 715 Exempla
762 674 852 715 pete
877 680 900 701 a
932 668 1060 702 Burm.
1095 665 1140 700 ad
1174 663 1395 714 prop-131.
1417 671 1471 703 15.

194 734 241 769 45
257 734 373 768 -48.
405 726 604 762 Horrenda
626 727 803 764 terribilis
828 729 995 777 gentihus
1013 728 1112 764 facta
1133 725 1382 774 magnitudine
1407 738 1493 767 sua,

102 799 210 838 quam
234 786 432 837 splendide
456 800 525 838 pro
549 790 673 824 tenui:
710 789 789 827 illa.
838 791 922 826 Nisi
954 792 1078 840 potius
1103 795 1283 840 praestat:
1312 786 1382 822 Illa
1406 786 1495 820 hor-

101 848 218 882 renda
257 852 472 895 extendat,
515 851 553 885 h.
584 851 776 888 horribilis
818 853 899 895 slat,
938 850 1115 888 terribilis
1148 853 1194 887 sit
1216 849 1397 898 'gentibus
1430 860 1497 882 ea:-

104 910 288 946 tendendo
328 912 426 954 late,
460 912 653 950 dilatando
687 922 797 965 atque
831 914 1058 965 proferendo
1095 924 1235 948 nomen
1271 925 1397 955 suum,
1433 914 1497 946 im-

101 973 197 1021 perii
242 972 334 1006 fines
362 972 415 1006 ad
455 974 617 1005 ultimus
660 983 846 1007 extremos
882 985 1061 1010 terrarum
1110 995 1155 1003 —
1201 976 1259 1014 46.
1306 986 1379 1020 qua
1422 985 1499 1006 me-

98 1030 188 1065 dius
211 1032 338 1078 liquor
364 1057 373 1064 .
398 1057 409 1066 .
436 1055 446 1066 .
472 1056 482 1066 .
507 1031 616 1078 rigat
636 1044 728 1064 arva
753 1031 888 1074 Nilus,
916 1047 1040 1070 versus
1055 1036 1301 1071 Occidentem
1319 1043 1356 1071 et
1368 1036 1497 1070 Orien-

100 1099 188 1128 tem.
248 1092 452 1143 Utrumque
498 1092 708 1140 designavit
747 1091 784 1125 h.
821 1094 847 1128 l.
880 1099 990 1142 poeta
1030 1109 1097 1145 per
1132 1095 1258 1132 Gades
1298 1102 1334 1132 et
1371 1096 1495 1131 Nilum

102 1152 212 1189 Alias
245 1155 312 1198 (ut
347 1153 412 1188 IV.
448 1164 503 1195 15.
531 1154 616 1194 16.)
650 1152 871 1202 simpliciter
906 1160 982 1198 est,
1024 1157 1070 1191 ab
1095 1164 1175 1193 ortu
1198 1159 1285 1195 solis
1310 1158 1358 1193 ad
1383 1171 1496 1208 usque

100 1227 284 1252 occasum.
361 1215 446 1260 Qua
484 1221 583 1264 parte
634 1215 783 1260 liquor,
819 1228 920 1251 mare
943 1242 954 1259 ,
1004 1222 1132 1250 ποντία
1179 1225 1293 1262 νοτίς,
1341 1218 1498 1262 (veluti

104 1277 234 1327 Eurip.
261 1276 354 1313 Hec.
390 1279 518 1320 1250.)
557 1275 729 1310 medium
767 1276 943 1319 secernit,
980 1278 1140 1313 medium
1165 1286 1221 1314 est
1259 1280 1385 1318 (unde
1422 1282 1500 1316 Me·

103 1338 354 1375 diterraneum
401 1337 567 1380 dictum)
617 1336 813 1380 interfluit,
859 1338 1036 1388 disjungit
1075 1340 1259 1387 Europen
1291 1340 1338 1374 ab
1368 1341 1498 1389 Afro,

103 1400 234 1438 Africa
268 1402 305 1439 h.
341 1399 389 1435 ad
421 1398 557 1435 fretum
592 1413 704 1451 usque
738 1399 978 1437 Gaditanum.
1037 1402 1092 1436 De
1126 1401 1332 1451 Hesperia,
1385 1410 1499 1438 terra-

99 1477 180 1500 rum
210 1464 386 1499 Romanis
431 1467 506 1498 tum
543 1463 776 1509 cognitarum
805 1473 934 1497 versus
973 1461 1214 1498 Occidentem
1249 1462 1391 1497 ultima
1435 1465 1497 1509 (Ι.

101 1526 157 1563 36.
195 1526 255 1567 4.)
294 1535 351 1560 res
387 1525 473 1560 satis
505 1530 604 1558 nota.
633 1541 676 1550 —
701 1526 761 1564 48.
793 1522 975 1558 Ultimam
1002 1524 1167 1560 Orientis
1205 1525 1350 1574 plagam
1371 1530 1495 1575 Aegy-

100 1596 204 1638 ptum
227 1588 336 1638 ponit.
352 1592 476 1636 poeta,
502 1596 661 1634 eamque
684 1595 704 1618 a
726 1581 814 1618 Nilo
837 1583 1006 1632 designat
1021 1613 1032 1631 ‚
1067 1587 1130 1636 qui
1152 1586 1324 1621 tumidus
1339 1614 1350 1629 ,
1377 1602 1496 1624 exun-

99 1649 216 1691 dans,
263 1647 490 1689 exuberans,
537 1645 643 1691 rigat
684 1653 793 1697 atque
826 1645 1003 1683 fecundat
1036 1659 1156 1692 arva3
1193 1661 1255 1684 res
1294 1652 1494 1688 notissima.

99 1712 270 1747 Ceterum
328 1708 521 1760 praeclaro
568 1708 723 1744 artificio
780 1715 892 1759 poeta
935 1711 1005 1745 hac
1067 1718 1338 1748 extremarum.
1371 1719 1491 1750 terrae

97 1775 281 1823 partium,
321 1773 526 1820 Hispaniae
551 1777 587 1806 et
610 1769 797 1822 Aegypti,
824 1772 1077 1823 descriptione
1101 1773 1228 1812 laudes
1253 1788 1296 1812 ac
1320 1776 1493 1812 victorias

94 1837 252 1882 Augusti
289 1834 469 1870 intexuit:
509 1846 593 1868 nam
643 1833 876 1870 Cantabriam
922 1843 958 1871 et
992 1836 1202 1887 Aegyptum
1248 1835 1296 1872 ab
1332 1851 1376 1873 eo
1412 1849 1494 1887 per-

93 1897 270 1932 domitam
293 1894 594 1946 subjugatamque
619 1896 671 1929 ita
695 1894 876 1931 declarari
896 1896 957 1932 vel
977 1896 1191 1934 hebetiores
1215 1901 1389 1936 sentient.

186 1969 247 2002 49.
270 1977 316 1984 —
335 1963 394 1997 52·
431 1957 638 2004 Augustam
660 1958 826 2008 speciem
847 1956 961 1994 habet
981 1959 1119 1995 haecce
1137 1962 1283 2009 priscae
1306 1959 1491 1996 Romano-

93 2032 173 2056 rum
222 2018 444 2068 frugaiitatis
479 2024 586 2070 atque
630 2020 857 2069 paupertatis
903 2020 1175 2057 commendatio
1199 2048 1210 2065 ‚
1270 2035 1353 2058 cum
1394 2022 1493 2074 quod.

96 2083 215 2131 gravis
257 2083 333 2117 eie
357 2080 511 2117 lunonis
544 2094 702 2130 persona
748 2081 901 2118 accedat
940 2084 1163 2126 auctoritas,
1212 2088 1291 2120 tum
1331 2087 1491 2121 maxime

94 2144 194 2195 quod
237 2145 315 2179 istis
346 2145 584 2193 potissimum
627 2141 765 2187 artibus
802 2151 974 2195 tanquam
1008 2144 1251 2182 fundamento
1287 2148 1385 2196 reip·
1420 2148 1493 2183 Ro-

95 2217 228 2242 manae
293 2205 536 2255 splendorem
591 2211 700 2258 atque
760 2206 1052 2254 magnitudinem
1096 2209 1206 2243 inniti
1256 2210 1488 2259 pronuntiet.

93 2257 180 2301 Ja¹m
212 2279 322 2302 nexus
353 2269 619 2304 sententiarum
649 2277 758 2321 atque
785 2270 874 2305 ordo
896 2270 958 2305 hio
989 2267 1069 2311 esu
1104 2269 1232 2305 Roma
1259 2284 1494 2324 quaquaver-

91 2344 174 2368 sum
204 2333 376 2369 extendat
405 2335 599 2384 imperium
623 2346 725 2369 suum
744 2359 755 2377 ‚
800 2341 1044 2370 consecutura
1073 2334 1160 2375 hoc,
1186 2335 1331 2371 enisura
1353 2337 1390 2370 in
1417 2339 1492 2370 tan-

94 2401 173 2430 tum
207 2394 394 2442 fastigium
415 2424 426 2439 ,
477 2396 561 2431 dum
585 2397 742 2441 fortior
761 2400 856 2440 erit,
900 2395 1034 2433 fortem
1057 2403 1094 2432 et
1121 2397 1306 2433 excelsum
1329 2398 1491 2432 animum

94 2455 352 2501 ostendendo,
388 2456 473 2492 dum
508 2457 702 2492 sustinebit
729 2468 923 2503 spernere,
976 2457 1062 2494 dum
1088 2457 1163 2493 alto
1189 2460 1310 2493 animo
1333 2461 1490 2502 spernat

93 2519 244 2568 potius,
285 2525 497 2553 contemnat
541 2529 703 2562 aurum,
746 2519 923 2564 divitias,
970 2534 1080 2572 quam
1125 2526 1262 2567 cogat,
1293 2527 1490 2565 congerat,

94 2584 310 2622 coacervet3
346 2586 624 2632 paupertatem,
660 2585 796 2633 spretis
843 2581 1005 2623 divitiis,
1051 2582 1234 2632 amplexa.
1262 2599 1307 2608 —
1328 2582 1491 2626 irreper-

92 2646 207 2687 tum‚
242 2642 343 2695 quod
373 2647 537 2696 reperire
571 2645 669 2682 haud
695 2644 891 2691 laborant,
936 2644 1036 2692 quod
1057 2656 1130 2681 non
1152 2646 1351 2688 rimantur,
1389 2642 1489 2696 quod
